% Encoding: UTF-8

@Article{Zheng2014,
  author    = {Y.F. Zheng and X.N. Gu and F. Witte},
  title     = {Biodegradable metals},
  journal   = {Materials Science and Engineering: R: Reports},
  year      = {2014},
  volume    = {77},
  pages     = {1--34},
  month     = {mar},
  doi       = {10.1016/j.mser.2014.01.001},
  publisher = {Elsevier {BV}},
}

@Article{Liu2019,
  author    = {Yang Liu and Yufeng Zheng and Xie-Hui Chen and Jian-An Yang and Haobo Pan and Dafu Chen and Luning Wang and Jialiang Zhang and Donghui Zhu and Shuilin Wu and Kelvin Wai Kwok Yeung and Rong-Chang Zeng and Yong Han and Shaokang Guan},
  title     = {Fundamental Theory of Biodegradable Metals{\textemdash}Definition, Criteria, and Design},
  journal   = {Advanced Functional Materials},
  year      = {2019},
  volume    = {29},
  number    = {18},
  pages     = {1805402},
  month     = {feb},
  doi       = {10.1002/adfm.201805402},
  publisher = {Wiley},
}

@Article{Zhao2017,
  author    = {Dewei Zhao and Frank Witte and Faqiang Lu and Jiali Wang and Junlei Li and Ling Qin},
  title     = {Current status on clinical applications of magnesium-based orthopaedic implants: A review from clinical translational perspective},
  journal   = {Biomaterials},
  year      = {2017},
  volume    = {112},
  pages     = {287--302},
  month     = {jan},
  doi       = {10.1016/j.biomaterials.2016.10.017},
  publisher = {Elsevier {BV}},
}

@Article{Zhen2013,
  author    = {Zhen ZHEN and Ting-fei XI and Yu-feng ZHENG},
  title     = {A review on in vitro corrosion performance test of biodegradable metallic materials},
  journal   = {Transactions of Nonferrous Metals Society of China},
  year      = {2013},
  volume    = {23},
  number    = {8},
  pages     = {2283--2293},
  month     = {aug},
  doi       = {10.1016/s1003-6326(13)62730-2},
  publisher = {Elsevier {BV}},
}

@Article{Esmaily2017,
  author    = {M. Esmaily and J.E. Svensson and S. Fajardo and N. Birbilis and G.S. Frankel and S. Virtanen and R. Arrabal and S. Thomas and L.G. Johansson},
  title     = {Fundamentals and advances in magnesium alloy corrosion},
  journal   = {Progress in Materials Science},
  year      = {2017},
  volume    = {89},
  pages     = {92--193},
  month     = {aug},
  doi       = {10.1016/j.pmatsci.2017.04.011},
  publisher = {Elsevier {BV}},
}

@Article{Willumeit-Roemer2019,
  author    = {Regine Willumeit-Römer},
  title     = {The Interface Between Degradable Mg and Tissue},
  journal   = {{JOM}},
  year      = {2019},
  volume    = {71},
  number    = {4},
  pages     = {1447--1455},
  month     = {feb},
  doi       = {10.1007/s11837-019-03368-0},
  publisher = {Springer Science and Business Media {LLC}},
}

@Article{Venezuela2019,
  author    = {J. Venezuela and M.S. Dargusch},
  title     = {The influence of alloying and fabrication techniques on the mechanical properties, biodegradability and biocompatibility of zinc: A comprehensive review},
  journal   = {Acta Biomaterialia},
  year      = {2019},
  volume    = {87},
  pages     = {1--40},
  month     = {mar},
  doi       = {10.1016/j.actbio.2019.01.035},
  publisher = {Elsevier {BV}},
}

@Article{Mostaed2018,
  author    = {Ehsan Mostaed and Malgorzata Sikora-Jasinska and Jaroslaw W. Drelich and Maurizio Vedani},
  title     = {Zinc-based alloys for degradable vascular stent applications},
  journal   = {Acta Biomaterialia},
  year      = {2018},
  volume    = {71},
  pages     = {1--23},
  month     = {apr},
  doi       = {10.1016/j.actbio.2018.03.005},
  publisher = {Elsevier {BV}},
}

@Article{Han2019,
  author    = {Hyung-Seop Han and Sergio Loffredo and Indong Jun and James Edwards and Yu-Chan Kim and Hyun-Kwang Seok and Frank Witte and Diego Mantovani and Sion Glyn-Jones},
  title     = {Current status and outlook on the clinical translation of biodegradable metals},
  journal   = {Materials Today},
  year      = {2019},
  volume    = {23},
  pages     = {57--71},
  month     = {mar},
  doi       = {10.1016/j.mattod.2018.05.018},
  publisher = {Elsevier {BV}},
}

@Article{Schinhammer2010,
  author    = {Michael Schinhammer and Anja C. Hänzi and Jörg F. Löffler and Peter J. Uggowitzer},
  title     = {Design strategy for biodegradable Fe-based alloys for medical applications},
  journal   = {Acta Biomaterialia},
  year      = {2010},
  volume    = {6},
  number    = {5},
  pages     = {1705--1713},
  month     = {may},
  doi       = {10.1016/j.actbio.2009.07.039},
  publisher = {Elsevier {BV}},
}

@Article{Mei2020,
  author    = {Di Mei and Sviatlana V. Lamaka and Xiaopeng Lu and Mikhail L. Zheludkevich},
  title     = {Selecting medium for corrosion testing of bioabsorbable magnesium and other metals {\textendash} A critical review},
  journal   = {Corrosion Science},
  year      = {2020},
  volume    = {171},
  pages     = {108722},
  month     = {jul},
  doi       = {10.1016/j.corsci.2020.108722},
  publisher = {Elsevier {BV}},
}

@Article{Mei2019,
  author    = {Di Mei and Sviatlana V. Lamaka and Jorge Gonzalez and Frank Feyerabend and Regine Willumeit-Römer and Mikhail L. Zheludkevich},
  title     = {The role of individual components of simulated body fluid on the corrosion behavior of commercially pure Mg},
  journal   = {Corrosion Science},
  year      = {2019},
  volume    = {147},
  pages     = {81--93},
  month     = {feb},
  doi       = {10.1016/j.corsci.2018.11.011},
  publisher = {Elsevier {BV}},
}

@Article{Zeng2014,
  author    = {Rong-Chang Zeng and Yan Hu and Shao-Kang Guan and Hong-Zhi Cui and En-Hou Han},
  title     = {Corrosion of magnesium alloy {AZ}31: The influence of bicarbonate, sulphate, hydrogen phosphate and dihydrogen phosphate ions in saline solution},
  journal   = {Corrosion Science},
  year      = {2014},
  volume    = {86},
  pages     = {171--182},
  month     = {sep},
  doi       = {10.1016/j.corsci.2014.05.006},
  publisher = {Elsevier {BV}},
}

@Article{Johnston2017,
  author    = {Sean Johnston and Matthew Dargusch and Andrej Atrens},
  title     = {Building towards a standardised approach to biocorrosion studies: a review of factors influencing Mg corrosion in vitro pertinent to in vivo corrosion},
  journal   = {Science China Materials},
  year      = {2017},
  volume    = {61},
  number    = {4},
  pages     = {475--500},
  month     = {dec},
  doi       = {10.1007/s40843-017-9173-7},
  publisher = {Springer Science and Business Media {LLC}},
}

@Article{Lamaka2018,
  author    = {Sviatlana V. Lamaka and Jorge Gonzalez and Di Mei and Frank Feyerabend and Regine Willumeit-Römer and Mikhail L. Zheludkevich},
  title     = {Local {pH} and Its Evolution Near Mg Alloy Surfaces Exposed to Simulated Body Fluids},
  journal   = {Advanced Materials Interfaces},
  year      = {2018},
  volume    = {5},
  number    = {18},
  pages     = {1800169},
  month     = {jun},
  doi       = {10.1002/admi.201800169},
  publisher = {Wiley},
}

@Article{Mei2019a,
  author    = {Di Mei and Sviatlana V. Lamaka and Christian Feiler and Mikhail L. Zheludkevich},
  title     = {The effect of small-molecule bio-relevant organic components at low concentration on the corrosion of commercially pure Mg and Mg-0.8Ca alloy: An overall perspective},
  journal   = {Corrosion Science},
  year      = {2019},
  volume    = {153},
  pages     = {258--271},
  month     = {jun},
  doi       = {10.1016/j.corsci.2019.03.039},
  publisher = {Elsevier {BV}},
}

@Article{Hadzima2014,
  author    = {Branislav Hadzima and Mansour Mhaede and Filip Pastorek},
  title     = {Electrochemical characteristics of calcium-phosphatized {AZ}31 magnesium alloy in 0.9~{\%} {NaCl} solution},
  journal   = {Journal of Materials Science: Materials in Medicine},
  year      = {2014},
  volume    = {25},
  number    = {5},
  pages     = {1227--1237},
  month     = {jan},
  doi       = {10.1007/s10856-014-5161-0},
  publisher = {Springer Science and Business Media {LLC}},
}

@Article{Lu2019,
  author    = {Xiaopeng Lu and Yan Li and Pengfei Ju and Yan Chen and Jingshuai Yang and Kun Qian and Tao Zhang and Fuhui Wang},
  title     = {Unveiling the inhibition mechanism of an effective inhibitor for {AZ}91 Mg alloy},
  journal   = {Corrosion Science},
  year      = {2019},
  volume    = {148},
  pages     = {264--271},
  month     = {mar},
  doi       = {10.1016/j.corsci.2018.12.025},
  publisher = {Elsevier {BV}},
}

@Article{Li2020,
  author    = {Yan Li and Xiaopeng Lu and Kexin Wu and Lei Yang and Tao Zhang and Fuhui Wang},
  title     = {Exploration the inhibition mechanism of sodium dodecyl sulfate on Mg alloy},
  journal   = {Corrosion Science},
  year      = {2020},
  volume    = {168},
  pages     = {108559},
  month     = {may},
  doi       = {10.1016/j.corsci.2020.108559},
  publisher = {Elsevier {BV}},
}

@Article{Atrens2015,
  author    = {Andrej Atrens and Guang-Ling Song and Ming Liu and Zhiming Shi and Fuyong Cao and Matthew S. Dargusch},
  title     = {Review of Recent Developments in the Field of Magnesium Corrosion},
  journal   = {Advanced Engineering Materials},
  year      = {2015},
  volume    = {17},
  number    = {4},
  pages     = {400--453},
  month     = {jan},
  doi       = {10.1002/adem.201400434},
  publisher = {Wiley},
}

@Article{Xue2012,
  author    = {Dingchuan Xue and Yeoheung Yun and Zongqing Tan and Zhongyun Dong and Mark J. Schulz},
  title     = {In Vivo and In Vitro Degradation Behavior of Magnesium Alloys as Biomaterials},
  journal   = {Journal of Materials Science {\&} Technology},
  year      = {2012},
  volume    = {28},
  number    = {3},
  pages     = {261--267},
  month     = {mar},
  doi       = {10.1016/s1005-0302(12)60051-6},
  publisher = {Elsevier {BV}},
}

@Article{Schille2011,
  author    = {Ch. Schille and M. Braun and H.P. Wendel and L. Scheideler and N. Hort and H.-P. Reichel and E. Schweizer and J. Geis-Gerstorfer},
  title     = {Corrosion of experimental magnesium alloys in blood and {PBS}: A gravimetric and microscopic evaluation},
  journal   = {Materials Science and Engineering: B},
  year      = {2011},
  volume    = {176},
  number    = {20},
  pages     = {1797--1801},
  month     = {dec},
  doi       = {10.1016/j.mseb.2011.04.007},
  publisher = {Elsevier {BV}},
}

@Article{Xin2011,
  author    = {Yunchang Xin and Tao Hu and Paul K. Chu},
  title     = {Degradation behaviour of pure magnesium in simulated body fluids with different concentrations of HCO3},
  journal   = {Corrosion Science},
  year      = {2011},
  volume    = {53},
  number    = {4},
  pages     = {1522--1528},
  month     = {apr},
  doi       = {10.1016/j.corsci.2011.01.015},
  publisher = {Elsevier {BV}},
}

@Article{Agha2016,
  author    = {Nezha Ahmad Agha and Frank Feyerabend and Boriana Mihailova and Stefanie Heidrich and Ulrich Bismayer and Regine Willumeit-Römer},
  title     = {Magnesium degradation influenced by buffering salts in concentrations typical of in vitro and in vivo models},
  journal   = {Materials Science and Engineering: C},
  year      = {2016},
  volume    = {58},
  pages     = {817--825},
  month     = {jan},
  doi       = {10.1016/j.msec.2015.09.067},
  publisher = {Elsevier {BV}},
}

@Article{Cui2017,
  author    = {Lan-Yue Cui and Yan Hu and Rong-Chang Zeng and Yong-Xin Yang and Dan-Dan Sun and Shuo-Qi Li and Fen Zhang and En-Hou Han},
  title     = {New insights into the effect of Tris-{HCl} and Tris on corrosion of magnesium alloy in presence of bicarbonate, sulfate, hydrogen phosphate and dihydrogen phosphate ions},
  journal   = {Journal of Materials Science {\&} Technology},
  year      = {2017},
  volume    = {33},
  number    = {9},
  pages     = {971--986},
  month     = {sep},
  doi       = {10.1016/j.jmst.2017.01.005},
  publisher = {Elsevier {BV}},
}

@Article{Kannan2017,
  author    = {M. Bobby Kannan and Hadis Khakbaz and A. Yamamoto},
  title     = {Understanding the influence of {HEPES} buffer concentration on the biodegradation of pure magnesium: An electrochemical study},
  journal   = {Materials Chemistry and Physics},
  year      = {2017},
  volume    = {197},
  pages     = {47--56},
  month     = {aug},
  doi       = {10.1016/j.matchemphys.2017.05.024},
  publisher = {Elsevier {BV}},
}

@Article{Song2009,
  author    = {Yingwei Song and Dayong Shan and Rongshi Chen and Fan Zhang and En-Hou Han},
  title     = {Biodegradable behaviors of {AZ}31 magnesium alloy in simulated body fluid},
  journal   = {Materials Science and Engineering: C},
  year      = {2009},
  volume    = {29},
  number    = {3},
  pages     = {1039--1045},
  month     = {apr},
  doi       = {10.1016/j.msec.2008.08.026},
  publisher = {Elsevier {BV}},
}

@Article{Silva2018,
  author    = {Eduardo L. Silva and Sviatlana V. Lamaka and Di Mei and Mikhail L. Zheludkevich},
  title     = {The Reduction of Dissolved Oxygen During Magnesium Corrosion},
  journal   = {{ChemistryOpen}},
  year      = {2018},
  volume    = {7},
  number    = {8},
  pages     = {664--668},
  month     = {aug},
  doi       = {10.1002/open.201800076},
  publisher = {Wiley},
}

@Article{Jiang2019,
  author    = {Pingli Jiang and Carsten Blawert and Nico Scharnagl and Mikhail L. Zheludkevich},
  title     = {Influence of water purity on the corrosion behavior of Mg0.5ZnX (X=Ca, Ge) alloys},
  journal   = {Corrosion Science},
  year      = {2019},
  volume    = {153},
  pages     = {62--73},
  month     = {jun},
  doi       = {10.1016/j.corsci.2019.03.044},
  publisher = {Elsevier {BV}},
}

@Article{Mei2021,
  author    = {Di Mei and Cheng Wang and Sviatlana V. Lamaka and Mikhail L. Zheludkevich},
  title     = {Clarifying the influence of albumin on the initial stages of magnesium corrosion in Hank's balanced salt solution},
  journal   = {Journal of Magnesium and Alloys},
  year      = {2021},
  volume    = {9},
  number    = {3},
  pages     = {805--817},
  month     = {may},
  doi       = {10.1016/j.jma.2020.07.002},
  publisher = {Elsevier {BV}},
}

@Article{Wang2020,
  author    = {Cheng Wang and Di Mei and Gert Wiese and Linqian Wang and Min Deng and Sviatlana V. Lamaka and Mikhail L. Zheludkevich},
  title     = {High rate oxygen reduction reaction during corrosion of ultra-high-purity magnesium},
  journal   = {npj Materials Degradation},
  year      = {2020},
  volume    = {4},
  number    = {1},
  month     = {dec},
  doi       = {10.1038/s41529-020-00146-1},
  publisher = {Springer Science and Business Media {LLC}},
}

@Article{Johnston2015,
  author    = {Sean Johnston and Zhiming Shi and Andrej Atrens},
  title     = {The influence of {pH} on the corrosion rate of high-purity Mg, {AZ}91 and {ZE}41 in bicarbonate buffered Hanks' solution},
  journal   = {Corrosion Science},
  year      = {2015},
  volume    = {101},
  pages     = {182--192},
  month     = {dec},
  doi       = {10.1016/j.corsci.2015.09.018},
  publisher = {Elsevier {BV}},
}

@Article{Johnston2019,
  author    = {Sean Johnston and Zhiming Shi and Jeffrey Venezuela and Cuie Wen and Matthew S. Dargusch and Andrej Atrens},
  title     = {Investigating Mg Biocorrosion In Vitro: Lessons Learned and Recommendations},
  journal   = {{JOM}},
  year      = {2019},
  volume    = {71},
  number    = {4},
  pages     = {1406--1413},
  month     = {jan},
  doi       = {10.1007/s11837-019-03327-9},
  publisher = {Springer Science and Business Media {LLC}},
}

@Article{Heublein2003,
  author    = {B Heublein},
  title     = {Biocorrosion of magnesium alloys: a new principle in cardiovascular implant technology?},
  journal   = {Heart},
  year      = {2003},
  volume    = {89},
  number    = {6},
  pages     = {651--656},
  month     = {jun},
  doi       = {10.1136/heart.89.6.651},
  publisher = {{BMJ}},
}

@Article{Staiger2006,
  author    = {Mark P. Staiger and Alexis M. Pietak and Jerawala Huadmai and George Dias},
  title     = {Magnesium and its alloys as orthopedic biomaterials: A review},
  journal   = {Biomaterials},
  year      = {2006},
  volume    = {27},
  number    = {9},
  pages     = {1728--1734},
  month     = {mar},
  doi       = {10.1016/j.biomaterials.2005.10.003},
  publisher = {Elsevier {BV}},
}

@Article{Walker2014,
  author    = {Jemimah Walker and Shaylin Shadanbaz and Timothy B. F. Woodfield and Mark P. Staiger and George J. Dias},
  title     = {Magnesium biomaterials for orthopedic application: A review from a biological perspective},
  journal   = {Journal of Biomedical Materials Research Part B: Applied Biomaterials},
  year      = {2014},
  volume    = {102},
  number    = {6},
  pages     = {1316--1331},
  month     = {jan},
  doi       = {10.1002/jbm.b.33113},
  publisher = {Wiley},
}

@Article{Cecchinato2015,
  author    = {Francesca Cecchinato and Nezha Ahmad Agha and Adela Helvia Martinez-Sanchez and Berengere Julie Christine Luthringer and Frank Feyerabend and Ryo Jimbo and Regine Willumeit-Römer and Ann Wennerberg},
  title     = {Influence of Magnesium Alloy Degradation on Undifferentiated Human Cells},
  journal   = {{PLOS} {ONE}},
  year      = {2015},
  volume    = {10},
  number    = {11},
  pages     = {e0142117},
  month     = {nov},
  doi       = {10.1371/journal.pone.0142117},
  editor    = {Donghui Zhu},
  publisher = {Public Library of Science ({PLoS})},
}

@Book{Crank1987,
  title     = {Free and Moving Boundary Problems},
  publisher = {OUP Oxford},
  year      = {1987},
  author    = {Crank, John},
  isbn      = {0198533705},
  date      = {1987-02-05},
  ean       = {9780198533702},
  pagetotal = {436},
}

@Article{Chen2014,
  author    = {Yongjun Chen and Zhigang Xu and Christopher Smith and Jag Sankar},
  title     = {Recent advances on the development of magnesium alloys for biodegradable implants},
  journal   = {Acta Biomaterialia},
  year      = {2014},
  volume    = {10},
  number    = {11},
  pages     = {4561--4573},
  month     = {nov},
  doi       = {10.1016/j.actbio.2014.07.005},
  groups    = {Review},
  publisher = {Elsevier {BV}},
}

@Book{Grindrod1996,
  title     = {The theory and applications of reaction-diffusion equations : patterns and waves},
  publisher = {Oxford University Press},
  year      = {1996},
  author    = {Peter Grindrod},
}

@Book{RonaldFedkiw2002,
  title     = {Level Set Methods and Dynamic Implicit Surfaces},
  publisher = {Springer New York},
  year      = {2002},
  author    = {Ronald Fedkiw, Stanley Osher},
  isbn      = {0387954821},
  date      = {2002-10-31},
  ean       = {9780387954820},
  pagetotal = {308},
}

@Article{Scheiner2007,
  author    = {S. Scheiner and C. Hellmich},
  title     = {Stable pitting corrosion of stainless steel as diffusion-controlled dissolution process with a sharp moving electrode boundary},
  journal   = {Corrosion Science},
  year      = {2007},
  volume    = {49},
  number    = {2},
  pages     = {319--346},
  month     = {feb},
  doi       = {10.1016/j.corsci.2006.03.019},
  publisher = {Elsevier {BV}},
}

@Article{Russo2000,
  author    = {Giovanni Russo and Peter Smereka},
  title     = {A Remark on Computing Distance Functions},
  journal   = {Journal of Computational Physics},
  year      = {2000},
  volume    = {163},
  number    = {1},
  pages     = {51--67},
  month     = {sep},
  doi       = {10.1006/jcph.2000.6553},
  publisher = {Elsevier {BV}},
}

@Article{Hecht2012,
  author   = {Hecht, F.},
  title    = {New development in FreeFem++},
  journal  = {J. Numer. Math.},
  year     = {2012},
  volume   = {20},
  number   = {3-4},
  pages    = {251--265},
  issn     = {1570-2820},
  doi      = {10.1515/jnum-2012-0013},
  fjournal = {Journal of Numerical Mathematics},
  mrclass  = {65Y15},
  mrnumber = {3043640},
  url      = {https://freefem.org/},
}

@article{MUMPS1,
   author  = {P. R. Amestoy and I. S. Duff and J. Koster and J.-Y. L'Excellent},
   title   = {A Fully Asynchronous Multifrontal Solver Using Distributed Dynamic Scheduling},
   journal = {SIAM Journal on Matrix Analysis and Applications},
   volume  = {23},
   number  = {1},
   year    = {2001},
   pages   = {15-41},
   doi={10.1137/S0895479899358194}
 }



@article{MUMPS2,
   author  = {P. R. Amestoy and A. Guermouche and J.-Y. L'Excellent and S. Pralet},
   title   = {Hybrid scheduling for the parallel solution of linear systems},
   journal = {Parallel Computing},
   volume  = {32},
   number  = {2},
   year    = {2006},
   pages   = {136-156},
   doi={10.1016/j.parco.2005.07.004}
}

@Article{Schoeberl1997,
  author    = {Joachim Schöberl},
  title     = {{NETGEN} An advancing front 2D/3D-mesh generator based on abstract rules},
  journal   = {Computing and Visualization in Science},
  year      = {1997},
  volume    = {1},
  number    = {1},
  pages     = {41--52},
  month     = {jul},
  doi       = {10.1007/s007910050004},
  publisher = {Springer Science and Business Media {LLC}},
}

@InProceedings{Ribes2007,
  author    = {Andre Ribes and Christian Caremoli},
  title     = {Salome platform component model for numerical simulation},
  booktitle = {31st Annual International Computer Software and Applications Conference - Vol. 2 - ({COMPSAC} 2007)},
  year      = {2007},
  month     = {jul},
  publisher = {{IEEE}},
  doi       = {10.1109/compsac.2007.185},
}

@Article{Gao2018,
  author    = {Yuanming Gao and Lizhen Wang and Xuenan Gu and Zhaowei Chu and Meng Guo and Yubo Fan},
  title     = {A quantitative study on magnesium alloy stent biodegradation},
  journal   = {Journal of Biomechanics},
  year      = {2018},
  volume    = {74},
  pages     = {98--105},
  month     = {jun},
  doi       = {10.1016/j.jbiomech.2018.04.027},
  publisher = {Elsevier {BV}},
}

@Article{Gastaldi2011,
  author    = {D. Gastaldi and V. Sassi and L. Petrini and M. Vedani and S. Trasatti and F. Migliavacca},
  title     = {Continuum damage model for bioresorbable magnesium alloy devices {\textemdash} Application to coronary stents},
  journal   = {Journal of the Mechanical Behavior of Biomedical Materials},
  year      = {2011},
  volume    = {4},
  number    = {3},
  pages     = {352--365},
  month     = {apr},
  doi       = {10.1016/j.jmbbm.2010.11.003},
  publisher = {Elsevier {BV}},
}

@Article{Wilder2014,
  author    = {Joseph W. Wilder and Curtis Clemons and Dmitry Golovaty and Kevin L. Kreider and Gerald W. Young and R. Scott Lillard},
  title     = {An adaptive level set approach for modeling damage due to galvanic corrosion},
  journal   = {Journal of Engineering Mathematics},
  year      = {2014},
  volume    = {91},
  number    = {1},
  pages     = {121--142},
  month     = {nov},
  doi       = {10.1007/s10665-014-9732-3},
  publisher = {Springer Science and Business Media {LLC}},
}

@Article{Grogan2014,
  author    = {J.A. Grogan and S.B. Leen and P.E. McHugh},
  title     = {A physical corrosion model for bioabsorbable metal stents},
  journal   = {Acta Biomaterialia},
  year      = {2014},
  volume    = {10},
  number    = {5},
  pages     = {2313--2322},
  month     = {may},
  doi       = {10.1016/j.actbio.2013.12.059},
  publisher = {Elsevier {BV}},
}

@Article{Bajger2016,
  author    = {P. Bajger and J. M. A. Ashbourn and V. Manhas and Y. Guyot and K. Lietaert and L. Geris},
  title     = {Mathematical modelling of the degradation behaviour of biodegradable metals},
  journal   = {Biomechanics and Modeling in Mechanobiology},
  year      = {2016},
  volume    = {16},
  number    = {1},
  pages     = {227--238},
  month     = {aug},
  doi       = {10.1007/s10237-016-0812-3},
  publisher = {Springer Nature},
}

@InProceedings{Amdahl1967,
  author    = {Gene M. Amdahl},
  title     = {Validity of the single processor approach to achieving large scale computing capabilities},
  booktitle = {Proceedings of the April 18-20, 1967, spring joint computer conference on - {AFIPS}' 67 (Spring)},
  year      = {1967},
  publisher = {{ACM} Press},
  doi       = {10.1145/1465482.1465560},
}

@Article{Gustafson1988,
  author    = {John L. Gustafson},
  title     = {Reevaluating Amdahl's law},
  journal   = {Communications of the {ACM}},
  year      = {1988},
  volume    = {31},
  number    = {5},
  pages     = {532--533},
  month     = {may},
  doi       = {10.1145/42411.42415},
  publisher = {Association for Computing Machinery ({ACM})},
}

@article{Ahrens2005,
  title={Paraview: An end-user tool for large data visualization},
  author={Ahrens, James and Geveci, Berk and Law, Charles},
  journal={The visualization handbook},
  volume={717},
  year={2005},
  publisher={Elsevier}
}

@Article{Chen2017,
  author    = {Weiliang Chen and Erik De Schutter},
  title     = {Parallel {STEPS}: Large Scale Stochastic Spatial Reaction-Diffusion Simulation with High Performance Computers},
  journal   = {Frontiers in Neuroinformatics},
  year      = {2017},
  volume    = {11},
  month     = {feb},
  doi       = {10.3389/fninf.2017.00013},
  publisher = {Frontiers Media {SA}},
}

@Article{Arjunan2020,
  author    = {Satya N.V. Arjunan and Atsushi Miyauchi and Kazunari Iwamoto and Koichi Takahashi},
  title     = {{pSpatiocyte}: a high-performance simulator for intracellular reaction-diffusion systems},
  journal   = {{BMC} Bioinformatics},
  year      = {2020},
  volume    = {21},
  number    = {1},
  month     = {jan},
  doi       = {10.1186/s12859-019-3338-8},
  publisher = {Springer Science and Business Media {LLC}},
}

@Article{Hallock2014,
  author    = {Michael J. Hallock and John E. Stone and Elijah Roberts and Corey Fry and Zaida Luthey-Schulten},
  title     = {Simulation of reaction diffusion processes over biologically relevant size and time scales using multi-{GPU} workstations},
  journal   = {Parallel Computing},
  year      = {2014},
  volume    = {40},
  number    = {5-6},
  pages     = {86--99},
  month     = {may},
  doi       = {10.1016/j.parco.2014.03.009},
  publisher = {Elsevier {BV}},
}

@Article{Badri2018,
  author    = {M.A. Badri and P. Jolivet and B. Rousseau and Y. Favennec},
  title     = {High performance computation of radiative transfer equation using the finite element method},
  journal   = {Journal of Computational Physics},
  year      = {2018},
  volume    = {360},
  pages     = {74--92},
  month     = {may},
  doi       = {10.1016/j.jcp.2018.01.027},
  publisher = {Elsevier {BV}},
}

@Misc{petsc,
       author = {Satish Balay and Shrirang Abhyankar and Mark~F. Adams and Jed Brown and Peter Brune
                 and Kris Buschelman and Lisandro Dalcin and Alp Dener and Victor Eijkhout and William~D. Gropp
                 and Dmitry Karpeyev and Dinesh Kaushik and Matthew~G. Knepley and Dave~A. May and Lois Curfman McInnes
                 and Richard Tran Mills and Todd Munson and Karl Rupp and Patrick Sanan
                 and Barry~F. Smith and Stefano Zampini and Hong Zhang and Hong Zhang},
       title =  {{PETS}c {W}eb page},
       url =    {https://www.mcs.anl.gov/petsc},
       howpublished = {\url{https://www.mcs.anl.gov/petsc}},
       year = {2019}
}

@inproceedings{Daas2019AMS,
  title={A Multilevel Schwarz Preconditioner Based on a Hierarchy of Robust Coarse Spaces},
  author={Hussam Al Daas and Laura Grigori and Pierre Jolivet and Pierre-Henri Tournier},
  year={2019}
}

@book{Dolean2015,
author = {Dolean, Victorita and Jolivet, Pierre and Nataf, Frédéric},
title = {An Introduction to Domain Decomposition Methods},
publisher = {Society for Industrial and Applied Mathematics},
year = {2015},
doi = {10.1137/1.9781611974065},
address = {Philadelphia, PA},
edition   = {},
URL = {https://epubs.siam.org/doi/abs/10.1137/1.9781611974065},
eprint = {https://epubs.siam.org/doi/pdf/10.1137/1.9781611974065}
}

@inproceedings{Jolivet2013,
author = {Jolivet, Pierre and Hecht, Fr\'{e}d\'{e}ric and Nataf, Fr\'{e}d\'{e}ric and Prud’homme, Christophe},
title = {Scalable Domain Decomposition Preconditioners for Heterogeneous Elliptic Problems},
year = {2013},
isbn = {9781450323789},
publisher = {Association for Computing Machinery},
address = {New York, NY, USA},
url = {https://doi.org/10.1145/2503210.2503212},
doi = {10.1145/2503210.2503212},
booktitle = {Proceedings of the International Conference on High Performance Computing, Networking, Storage and Analysis},
articleno = {Article 80},
numpages = {11},
keywords = {divide and conquer, linear solvers, scalability},
location = {Denver, Colorado},
series = {SC ’13}
}

@article{METIS1998,
author = {Karypis, George and Kumar, Vipin},
title = {A Fast and High Quality Multilevel Scheme for Partitioning Irregular Graphs},
year = {1998},
issue_date = {December 1998},
publisher = {Society for Industrial and Applied Mathematics},
address = {USA},
volume = {20},
number = {1},
issn = {1064-8275},
journal = {SIAM J. Sci. Comput.},
month = dec,
pages = {359–392},
numpages = {34},
keywords = {parallel computations, fill-reducing orderings, graph partitioning, finite element computations}
}


@Article{Saad1986,
  author  = {Saad, Youcef and Schultz, Martin H.},
  journal = {SIAM Journal on Scientific and Statistical Computing},
  title   = {GMRES: A Generalized Minimal Residual Algorithm for Solving Nonsymmetric Linear Systems},
  year    = {1986},
  number  = {3},
  pages   = {856-869},
  volume  = {7},
  doi     = {10.1137/0907058},
  eprint  = {https://doi.org/10.1137/0907058},
  url     = {https://doi.org/10.1137/0907058},
}

@Book{Saad2003,
  title     = {Iterative Methods for Sparse Linear Systems},
  publisher = {Society for Industrial and Applied Mathematics},
  year      = {2003},
  author    = {Yousef Saad},
  month     = {jan},
  doi       = {10.1137/1.9780898718003},
}

@Article{Ipsen1998,
  author    = {Ilse C. F. Ipsen and Carl D. Meyer},
  title     = {The Idea Behind Krylov Methods},
  journal   = {The American Mathematical Monthly},
  year      = {1998},
  volume    = {105},
  number    = {10},
  pages     = {889--899},
  month     = {dec},
  doi       = {10.1080/00029890.1998.12004985},
  publisher = {Informa {UK} Limited},
}


@InCollection{Falgout2002,
  author    = {Robert D. Falgout and Ulrike Meier Yang},
  title     = {hypre: A Library of High Performance Preconditioners},
  booktitle = {Lecture Notes in Computer Science},
  publisher = {Springer Berlin Heidelberg},
  year      = {2002},
  pages     = {632--641},
  doi       = {10.1007/3-540-47789-666},
}

@Article{Liu2018,
  author    = {Dexue Liu and Shiwen Hu and Xunyan Yin and Jianjun Liu and Zhi Jia and Qinglin Li},
  title     = {Degradation mechanism of magnesium alloy stent under simulated human micro-stress environment},
  journal   = {Materials Science and Engineering: C},
  year      = {2018},
  volume    = {84},
  pages     = {263--270},
  month     = {mar},
  doi       = {10.1016/j.msec.2017.12.001},
  publisher = {Elsevier {BV}},
}

@Article{Ahmed2017,
  author    = {Safia Ahmed and John Ward and Yang Liu},
  title     = {Numerical Modelling of Effects of Biphasic Layers of Corrosion Products to the Degradation of Magnesium Metal In Vitro},
  journal   = {Materials},
  year      = {2017},
  volume    = {11},
  number    = {1},
  pages     = {1},
  month     = {dec},
  doi       = {10.3390/ma11010001},
  groups    = {Modeling},
  publisher = {{MDPI} {AG}},
}

@Article{Shen2019,
  author    = {Zhenquan Shen and Ming Zhao and Dong Bian and Danni Shen and Xiaochen Zhou and Jianing Liu and Yang Liu and Hui Guo and Yufeng Zheng},
  journal   = {Journal of Materials Science {\&} Technology},
  title     = {Predicting the degradation behavior of magnesium alloys with a diffusion-based theoretical model and in vitro corrosion testing},
  year      = {2019},
  month     = {jul},
  number    = {7},
  pages     = {1393--1402},
  volume    = {35},
  doi       = {10.1016/j.jmst.2019.02.004},
  groups    = {Modeling},
  publisher = {Elsevier {BV}},
  ranking   = {rank2},
}

@Article{Sun2012,
  author    = {Wen Sun and Guichang Liu and Lida Wang and Tingting Wu and Yang Liu},
  title     = {An arbitrary Lagrangian{\textendash}Eulerian model for studying the influences of corrosion product deposition on bimetallic corrosion},
  journal   = {Journal of Solid State Electrochemistry},
  year      = {2012},
  volume    = {17},
  number    = {3},
  pages     = {829--840},
  month     = {nov},
  doi       = {10.1007/s10008-012-1935-9},
  groups    = {Modeling},
  publisher = {Springer Nature},
}

@Article{Sanz-Herrera2018,
  author    = {J.A. Sanz-Herrera and E. Reina-Romo and A.R. Boccaccini},
  title     = {In silico design of magnesium implants: Macroscopic modeling},
  journal   = {Journal of the Mechanical Behavior of Biomedical Materials},
  year      = {2018},
  volume    = {79},
  pages     = {181--188},
  month     = {mar},
  doi       = {10.1016/j.jmbbm.2017.12.016},
  groups    = {Modeling},
  publisher = {Elsevier {BV}},
}

@article{wang2008,
  title={A phenomenological model for the degradation of biodegradable polymers},
  author={Wang, Ying and Pan, Jingzhe and Han, Xiaoxiao and Sinka, Csaba and Ding, Lifeng},
  journal={Biomaterials},
  volume={29},
  number={23},
  pages={3393--3401},
  year={2008},
  publisher={Elsevier}
}

@Book{Mockus1989,
  title     = {Bayesian Approach to Global Optimization},
  publisher = {Springer Netherlands},
  year      = {1989},
  author    = {Jonas Mockus},
  doi       = {10.1007/978-94-009-0909-0},
}

@Article{Mehrian2017,
  author    = {Mohammad Mehrian and Yann Guyot and Ioannis Papantoniou and Simon Olofsson and Maarten Sonnaert and Ruth Misener and Liesbet Geris},
  title     = {Maximizing neotissue growth kinetics in a perfusion bioreactor: An in silico strategy using model reduction and Bayesian optimization},
  journal   = {Biotechnology and Bioengineering},
  year      = {2017},
  volume    = {115},
  number    = {3},
  pages     = {617--629},
  month     = {dec},
  doi       = {10.1002/bit.26500},
  publisher = {Wiley},
}

@Article{Lee2011,
  author    = {Song Hi Lee and Jayendran C. Rasaiah},
  title     = {Proton transfer and the mobilities of the {H}+ and {OH}- ions from studies of a dissociating model for water},
  journal   = {The Journal of Chemical Physics},
  year      = {2011},
  volume    = {135},
  number    = {12},
  pages     = {124505},
  month     = {sep},
  doi       = {10.1063/1.3632990},
  publisher = {{AIP} Publishing},
}

@Book{GrahamC.Hill2001,
  title     = {Chemistry in Context - Laboratory Manual},
  publisher = {Oxford University Press},
  year      = {2001},
  author    = {Graham C. Hill, John S. Holman},
  isbn      = {0174483074},
  date      = {2001-07-23},
  ean       = {9780174483076},
  pagetotal = {160},
}

@Book{Grathwohl1998,
  title     = {Diffusion in Natural Porous Media: Contaminant Transport, Sorption/Desorption and Dissolution Kinetics},
  publisher = {Springer {US}},
  year      = {1998},
  author    = {Peter Grathwohl},
  doi       = {10.1007/978-1-4615-5683-1},
}

@article{Qin2019,
title = "Additive manufacturing of biodegradable metals: Current research status and future perspectives",
journal = "Acta Biomaterialia",
volume = "98",
pages = "3 - 22",
year = "2019",
doi = "10.1016/j.actbio.2019.04.046",
author = "Yu Qin and Peng Wen and Hui Guo and Dandan Xia and Yufeng Zheng and Lucas Jauer and Reinhart Poprawe and Maximilian Voshage and Johannes Henrich Schleifenbaum",
keywords = "Biodegradable metals, Additive manufacturing, Magnesium, Iron, Zinc",
}

@Article{Riaz2018,
  author    = {Usman Riaz and Ishraq Shabib and Waseem Haider},
  title     = {The current trends of Mg alloys in biomedical applications{\textemdash}A review},
  journal   = {Journal of Biomedical Materials Research Part B: Applied Biomaterials},
  year      = {2018},
  month     = {dec},
  doi       = {10.1002/jbm.b.34290},
  groups    = {Review},
  publisher = {Wiley},
}

@Article{Xin2008,
  author    = {Yunchang Xin and Kaifu Huo and Hu Tao and Guoyi Tang and Paul K. Chu},
  title     = {Influence of aggressive ions on the degradation behavior of biomedical magnesium alloy in physiological environment},
  journal   = {Acta Biomaterialia},
  year      = {2008},
  volume    = {4},
  number    = {6},
  pages     = {2008--2015},
  month     = {nov},
  doi       = {10.1016/j.actbio.2008.05.014},
  publisher = {Elsevier {BV}},
}

@Article{Boland2015,
  author    = {Enda L. Boland and Rosa Shine and Nicola Kelly and Caoimhe A. Sweeney and Peter E. McHugh},
  title     = {A Review of Material Degradation Modelling for the Analysis and Design of Bioabsorbable Stents},
  journal   = {Annals of Biomedical Engineering},
  year      = {2015},
  volume    = {44},
  number    = {2},
  pages     = {341--356},
  month     = {aug},
  doi       = {10.1007/s10439-015-1413-5},
  publisher = {Springer Science and Business Media {LLC}},
}

@Article{Abdalla2020,
  author    = {Moataz Abdalla and Alexander Joplin and Mohammad Elahinia and Hamdy Ibrahim},
  title     = {Corrosion Modeling of Magnesium and Its Alloys for Biomedical Applications: Review},
  journal   = {Corrosion and Materials Degradation},
  year      = {2020},
  volume    = {1},
  number    = {2},
  pages     = {219--248},
  month     = {jul},
  doi       = {10.3390/cmd1020011},
  publisher = {{MDPI} {AG}},
}

@Article{Song1999,
  author    = {G. L. Song and A. Atrens},
  title     = {Corrosion Mechanisms of Magnesium Alloys},
  journal   = {Advanced Engineering Materials},
  year      = {1999},
  volume    = {1},
  number    = {1},
  pages     = {11--33},
  month     = {sep},
  doi       = {10.1002/(sici)1527-2648(199909)1:1<11::aid-adem11>3.0.co;2-n},
  publisher = {Wiley},
}

@Article{Deshpande2011,
  author    = {Kiran B. Deshpande},
  title     = {Numerical modeling of micro-galvanic corrosion},
  journal   = {Electrochimica Acta},
  year      = {2011},
  volume    = {56},
  number    = {4},
  pages     = {1737--1745},
  month     = {jan},
  doi       = {10.1016/j.electacta.2010.09.044},
  publisher = {Elsevier {BV}},
}

@Article{Gartzke2020,
  author    = {Ann-Kathrin Gartzke and Stefan Julmi and Christian Klose and Anja-Christina Waselau and Andrea Meyer-Lindenberg and Hans Jürgen Maier and Silke Besdo and Peter Wriggers},
  title     = {A simulation model for the degradation of magnesium-based bone implants},
  journal   = {Journal of the Mechanical Behavior of Biomedical Materials},
  year      = {2020},
  volume    = {101},
  pages     = {103411},
  month     = {jan},
  doi       = {10.1016/j.jmbbm.2019.103411},
  publisher = {Elsevier {BV}},
}

@Article{Strebl2020,
  author    = {M. Strebl and M. Bruns and S. Virtanen},
  title     = {Editors' Choice{\textemdash}Respirometric in Situ Methods for Real-Time Monitoring of Corrosion Rates: Part I. Atmospheric Corrosion},
  journal   = {Journal of The Electrochemical Society},
  year      = {2020},
  volume    = {167},
  number    = {2},
  pages     = {021510},
  month     = {jan},
  doi       = {10.1149/1945-7111/ab6c61},
  publisher = {The Electrochemical Society},
}

@Article{Hoeche2014,
  author    = {Daniel Höche},
  title     = {Simulation of Corrosion Product Deposit Layer Growth on Bare Magnesium Galvanically Coupled to Aluminum},
  journal   = {Journal of The Electrochemical Society},
  year      = {2014},
  volume    = {162},
  number    = {1},
  pages     = {C1--C11},
  month     = {nov},
  doi       = {10.1149/2.0071501jes},
  publisher = {The Electrochemical Society},
}

@Article{Santucci2018,
  author    = {R. J. Santucci and M. E. McMahon and J. R. Scully},
  title     = {Utilization of chemical stability diagrams for improved understanding of electrochemical systems: evolution of solution chemistry towards equilibrium},
  journal   = {npj Materials Degradation},
  year      = {2018},
  volume    = {2},
  number    = {1},
  month     = {jan},
  doi       = {10.1038/s41529-017-0021-2},
  publisher = {Springer Science and Business Media {LLC}},
}

@Article{Dolgikh2019,
  author    = {Olga Dolgikh and Hans Simillion and Sviatlana V. Lamaka and Alexandre C. Bastos and Huibin B. Xue and Maryna G. Taryba and Andre R. Oliveira and Christian All{\'{e}}ly and Bart Van Den Bossche and Krista Van Den Bergh and Joost De Strycker and Johan Deconinck},
  title     = {Corrosion protection of steel cut-edges by hot-dip galvanized Al(Zn,Mg) coatings in 1{\hspace{0.167em}}wt{\%} {NaCl}: Part {II}. Numerical simulations},
  journal   = {Materials and Corrosion},
  year      = {2019},
  volume    = {70},
  number    = {5},
  pages     = {780--792},
  month     = {jan},
  doi       = {10.1002/maco.201810210},
  publisher = {Wiley},
}

@Article{Amestoy2001,
  author  = {P. R. Amestoy and I. S. Duff and J. Koster and J.-Y. L'Excellent},
  title   = {A Fully Asynchronous Multifrontal Solver Using Distributed Dynamic Scheduling},
  journal = {SIAM Journal on Matrix Analysis and Applications},
  year    = {2001},
  volume  = {23},
  number  = {1},
  pages   = {15-41},
  doi     = {10.1137/S0895479899358194},
}

@Article{Amestoy2006,
  author  = {P. R. Amestoy and A. Guermouche and J.-Y. L'Excellent and S. Pralet},
  title   = {Hybrid scheduling for the parallel solution of linear systems},
  journal = {Parallel Computing},
  year    = {2006},
  volume  = {32},
  number  = {2},
  pages   = {136-156},
  doi     = {10.1016/j.parco.2005.07.004},
}

@Misc{Balay2019,
  author       = {Satish Balay and Shrirang Abhyankar and Mark~F. Adams and Jed Brown and Peter Brune and Kris Buschelman and Lisandro Dalcin and Alp Dener and Victor Eijkhout and William~D. Gropp and Dmitry Karpeyev and Dinesh Kaushik and Matthew~G. Knepley and Dave~A. May and Lois Curfman McInnes and Richard Tran Mills and Todd Munson and Karl Rupp and Patrick Sanan and Barry~F. Smith and Stefano Zampini and Hong Zhang and Hong Zhang},
  title        = {{PETS}c {W}eb page},
  howpublished = {\url{https://www.mcs.anl.gov/petsc}},
  year         = {2019},
}

@Article{Karypis1998,
  author     = {Karypis, George and Kumar, Vipin},
  title      = {A Fast and High Quality Multilevel Scheme for Partitioning Irregular Graphs},
  journal    = {SIAM J. Sci. Comput.},
  year       = {1998},
  volume     = {20},
  number     = {1},
  pages      = {359–392},
  month      = dec,
  issn       = {1064-8275},
  address    = {USA},
  issue_date = {December 1998},
  keywords   = {parallel computations, fill-reducing orderings, graph partitioning, finite element computations},
  numpages   = {34},
  publisher  = {Society for Industrial and Applied Mathematics},
}

@Article{Abidin2013,
  author    = {Nor Ishida Zainal Abidin and Barbara Rolfe and Helen Owen and Julian Malisano and Darren Martin and Joelle Hofstetter and Peter J. Uggowitzer and Andrej Atrens},
  title     = {The in vivo and in vitro corrosion of high-purity magnesium and magnesium alloys {WZ}21 and {AZ}91},
  journal   = {Corrosion Science},
  year      = {2013},
  volume    = {75},
  pages     = {354--366},
  month     = {oct},
  doi       = {10.1016/j.corsci.2013.06.019},
  groups    = {Design & Behaviour},
  publisher = {Elsevier {BV}},
}

@Article{Kendall1999,
  author    = {Bruce E. Kendall and Cheryl J. Briggs and William W. Murdoch and Peter Turchin and Stephen P. Ellner and Edward McCauley and Roger M. Nisbet and Simon N. Wood},
  title     = {{WHY} {DO} {POPULATIONS} {CYCLE}? A {SYNTHESIS} {OF} {STATISTICAL} {AND} {MECHANISTIC} {MODELING} {APPROACHES}},
  journal   = {Ecology},
  year      = {1999},
  volume    = {80},
  number    = {6},
  pages     = {1789--1805},
  month     = {sep},
  doi       = {10.1890/0012-9658(1999)080[1789:wdpcas]2.0.co;2},
  publisher = {Wiley},
}

@article{hestenes1952,
  title={Methods of conjugate gradients for solving linear systems},
  author={Hestenes, Magnus R and Stiefel, Eduard and others},
  journal={Journal of research of the National Bureau of Standards},
  volume={49},
  number={6},
  pages={409--436},
  year={1952}
}

@article{habetler1961,
  title={Symmetric successive overrelaxation in solving diffusion difference equations},
  author={Habetler, George J and Wachspress, Eugene L},
  journal={Mathematics of Computation},
  pages={356--362},
  year={1961},
  publisher={JSTOR}
}

@book{mccormick1987,
  title={Multigrid methods},
  author={McCormick, Stephen F},
  year={1987},
  publisher={SIAM}
}

@InProceedings{Rettinger2017,
author="Rettinger, Christoph
and Godenschwager, Christian
and Eibl, Sebastian
and Preclik, Tobias
and Schruff, Tobias
and Frings, Roy
and R{\"u}de, Ulrich",
editor="Kunkel, Julian M.
and Yokota, Rio
and Balaji, Pavan
and Keyes, David",
title="Fully Resolved Simulations of Dune Formation in Riverbeds",
booktitle="High Performance Computing",
year="2017",
publisher="Springer International Publishing",
address="Cham",
pages="3--21",
isbn="978-3-319-58667-0"
}

@Article{Hassan2011,
  author    = {Ahmed M. Hassan and Magda El-Shenawee},
  title     = {Parallel implementation of the diffusion{\textendash}drift algorithm for modeling the electrophysiological activity of breast tumors},
  journal   = {Journal of Parallel and Distributed Computing},
  year      = {2011},
  volume    = {71},
  number    = {7},
  pages     = {1011--1023},
  month     = {jul},
  doi       = {10.1016/j.jpdc.2011.04.004},
  publisher = {Elsevier {BV}},
}

@Article{Ghai2018,
  author    = {Aditi Ghai and Cao Lu and Xiangmin Jiao},
  title     = {A comparison of preconditioned Krylov subspace methods for large-scale nonsymmetric linear systems},
  journal   = {Numerical Linear Algebra with Applications},
  year      = {2018},
  volume    = {26},
  number    = {1},
  pages     = {e2215},
  month     = {oct},
  doi       = {10.1002/nla.2215},
  publisher = {Wiley},
}

@article{Wendland2005,
author = {Wendland, Edson and Schulz, Harry},
year = {2005},
month = {01},
pages = {227-233},
title = {Numerical experiments on mass lumping for the advection-diffusion equation},
volume = {2},
journal = {Pesquisa e Tecnologia Minerva}
}

@Article{Vagbharathi2014,
  author    = {A. S. Vagbharathi and S. Gopalakrishnan},
  title     = {An extended finite-element model coupled with level set method for analysis of growth of corrosion pits in metallic structures},
  journal   = {Proceedings of the Royal Society A: Mathematical, Physical and Engineering Sciences},
  year      = {2014},
  volume    = {470},
  number    = {2168},
  pages     = {20140001},
  month     = {aug},
  doi       = {10.1098/rspa.2014.0001},
  publisher = {The Royal Society},
}

@Article{Duddu2014,
  author    = {Ravindra Duddu},
  title     = {Numerical modeling of corrosion pit propagation using the combined extended finite element and level set method},
  journal   = {Computational Mechanics},
  year      = {2014},
  volume    = {54},
  number    = {3},
  pages     = {613--627},
  month     = {apr},
  doi       = {10.1007/s00466-014-1010-8},
  publisher = {Springer Science and Business Media {LLC}},
}

@Article{Xu2012,
  author    = {Zhijie Xu and Hai Huang and Xiaoyi Li and Paul Meakin},
  title     = {Phase field and level set methods for modeling solute precipitation and/or dissolution},
  journal   = {Computer Physics Communications},
  year      = {2012},
  volume    = {183},
  number    = {1},
  pages     = {15--19},
  month     = {jan},
  doi       = {10.1016/j.cpc.2011.08.005},
  publisher = {Elsevier {BV}},
}

@article{Barzegari2021,
  title = {Computational modeling of degradation process of biodegradable magnesium biomaterials},
  author = {Mojtaba Barzegari and Di Mei and Sviatlana V. Lamaka and Liesbet Geris},
  journal = {Corrosion Science},
  volume = {190},
  pages = {109674},
  year = {2021},
  issn = {0010-938X},
  doi = {10.1016/j.corsci.2021.109674},
}

@article{Barzegari2022,
  author = {Mojtaba Barzegari and Liesbet Geris},
  title ={Highly scalable numerical simulation of coupled reaction–diffusion systems with moving interfaces},
  journal = {The International Journal of High Performance Computing Applications},
  volume = {36},
  number = {2},
  pages = {198-213},
  year = {2022},
  doi = {10.1177/10943420211045939},
}

@Misc{Balay2019a,
  author       = {Satish Balay and Shrirang Abhyankar and Mark~F. Adams and Jed Brown and Peter Brune and Kris Buschelman and Lisandro Dalcin and Alp Dener and Victor Eijkhout and William~D. Gropp and Dmitry Karpeyev and Dinesh Kaushik and Matthew~G. Knepley and Dave~A. May and Lois Curfman McInnes and Richard Tran Mills and Todd Munson and Karl Rupp and Patrick Sanan and Barry~F. Smith and Stefano Zampini and Hong Zhang and Hong Zhang},
  title        = {{PETS}c {W}eb page},
  howpublished = {\url{https://www.mcs.anl.gov/petsc}},
  year         = {2019},
  url          = {https://www.mcs.anl.gov/petsc},
}

@article{Dapogny2014,
  TITLE = {{Three-dimensional adaptive domain remeshing, implicit domain meshing, and applications to free and moving boundary problems}},
  AUTHOR = {Dapogny, Charles and Dobrzynski, C{\'e}cile and Frey, Pascal},
  URL = {https://hal.sorbonne-universite.fr/hal-00804636},
  JOURNAL = {{Journal of Computational Physics}},
  PUBLISHER = {{Elsevier}},
  YEAR = {2014},
  DOI = {10.1016/j.jcp.2014.01.005},
}

@Article{Kurtz1972,
  author  = {Kurtz,Thomas G.},
  journal = {The Journal of Chemical Physics},
  title   = {The Relationship between Stochastic and Deterministic Models for Chemical Reactions},
  year    = {1972},
  number  = {7},
  pages   = {2976-2978},
  volume  = {57},
  doi     = {10.1063/1.1678692},
}

@article{Hoche2014,
	doi = {10.1149/2.0071501jes},
	year = 2014,
	publisher = {The Electrochemical Society},
	volume = {162},
	number = {1},
	pages = {C1--C11},
	author = {Daniel Höche},
	title = {Simulation of Corrosion Product Deposit Layer Growth on Bare Magnesium Galvanically Coupled to Aluminum},
	journal = {Journal of The Electrochemical Society},
}

@Article{SanzHerrera2018,
  author    = {J.A. Sanz-Herrera and E. Reina-Romo and A.R. Boccaccini},
  title     = {In silico design of magnesium implants: Macroscopic modeling},
  journal   = {Journal of the Mechanical Behavior of Biomedical Materials},
  year      = {2018},
  volume    = {79},
  pages     = {181--188},
  month     = {mar},
  doi       = {10.1016/j.jmbbm.2017.12.016},
  groups    = {Modeling},
  publisher = {Elsevier {BV}},
}

@article{Christoph2021,
author = {Köhn, Christoph and van Laethem, Dries and Deconinck, Johan and Hubin, Annick},
title = {A simulation study of steric effects on the anodic dissolution at high current densities},
journal = {Materials and Corrosion},
volume = {72},
number = {4},
pages = {610-619},
keywords = {anodic dissolution, electrochemical machining, electrochemical simulations, high current densities, steric effects},
doi = {10.1002/maco.202012051},
url = {https://onlinelibrary.wiley.com/doi/abs/10.1002/maco.202012051},
eprint = {https://onlinelibrary.wiley.com/doi/pdf/10.1002/maco.202012051},
year = {2021}
}

@misc{BioDegDoc,
  doi = {10.5281/ZENODO.6564024},
  url = {https://zenodo.org/record/6564024},
  author = {Mojtaba Barzegari and Liesbet Geris},
  title = {BioDeg corrosion and biodegradation simulation software: user manual and theory guide},
  publisher = {Zenodo},
  year = {2022}
}

@Book{Tarantola1987,
  title     = {Inverse Problem Theory: Methods for Data Fitting and Model Parameter Estimation},
  publisher = {Elsevier Science Ltd},
  year      = {1987},
  author    = {Albert Tarantola},
  isbn      = {0444427651},
  doi       = {10.1137/1.9780898717921},
}

@inproceedings{Bergstra2013,
author = {Bergstra, J. and Yamins, D. and Cox, D. D.},
title = {Making a Science of Model Search: Hyperparameter Optimization in Hundreds of Dimensions for Vision Architectures},
year = {2013},
publisher = {JMLR.org},
booktitle = {Proceedings of the 30th International Conference on Machine Learning - Volume 28},
pages = {I–115–I–123},
numpages = {9},
}

@incollection{Carson2014,
title = "5 - Parameter Estimation",
editor = "Ewart Carson and Claudio Cobelli",
booktitle = "Modelling Methodology for Physiology and Medicine (Second Edition)",
publisher = "Elsevier",
edition = "Second Edition",
pages = "83 - 110",
year = "2014",
doi = "10.1016/B978-0-12-411557-6.00005-7",
author = "Paolo Magni and Giovanni Sparacino",
}

@article{Dehghan2001,
  title={An inverse problem of finding a source parameter in a semilinear parabolic equation},
  author={Mehdi Dehghan},
  journal={Applied Mathematical Modelling},
  volume={25},
  number={9},
  pages={743--754},
  year={2001},
  publisher={Elsevier},
  doi={10.1016/S0307-904X(01)00010-5}
}

@article{Chen2015,
  title={The worked example effect, the generation effect, and element interactivity},
  author={Chen, O. and Kalyuga, S. and Sweller, J.},
  journal={Journal of Educational Psychology},
  volume={107},
  number={3},
  pages={689–704},
  year={2015},
  doi={10.1037/edu0000018}
}

@article{Levy,
    author = {Levy, Frederic E. and Smith, Robert W. and Odland, Rick M. and Marentette, Lawrence J.},
    title = "{Monocortical Miniplate Fixation of Mandibular Angle Fractures}",
    journal = {Archives of Otolaryngology–Head \& Neck Surgery},
    volume = {117},
    number = {2},
    pages = {149-154},
    year = {1991},
    month = {02},
    issn = {0886-4470},
    doi = {10.1001/archotol.1991.01870140037002},
    url = {https://doi.org/10.1001/archotol.1991.01870140037002},
    eprint = {https://jamanetwork.com/journals/jamaotolaryngology/articlepdf/619428/archotol\_117\_2\_002.pdf},
}

@article{Vautrin2021,
title = {Time-dependent in silico modelling of orthognathic surgery to support the design of biodegradable bone plates},
journal = {Journal of the Mechanical Behavior of Biomedical Materials},
volume = {121},
pages = {104641},
year = {2021},
issn = {1751-6161},
doi = {https://doi.org/10.1016/j.jmbbm.2021.104641},
url = {https://www.sciencedirect.com/science/article/pii/S1751616121003180},
author = {Antoine Vautrin and Mariska Wesseling and Roel Wirix-Speetjens and Maria Jose Gomez-Benito},
keywords = {Orthognathic surgery, Biodegradable magnesium, Bone fracture healing, Finite element analysis}
}

@article{Zheng2019,
title = {Investigation on masticatory muscular functionality following oral reconstruction – An inverse identification approach},
journal = {Journal of Biomechanics},
volume = {90},
pages = {1-8},
year = {2019},
issn = {0021-9290},
doi = {https://doi.org/10.1016/j.jbiomech.2019.04.007},
url = {https://www.sciencedirect.com/science/article/pii/S0021929019302593},
author = {Keke Zheng and Zhipeng Liao and Nobuhiro Yoda and Jianguang Fang and Junning Chen and Zhongpu Zhang and Jingxiao Zhong and Christopher Peck and Keiichi Sasaki and Michael V. Swain and Qing Li},
keywords = {Muscle forces, Occlusal force, Mandibular reconstruction, Inverse identification, Sequential Kriging Optimization (SKO), Optimality criteria}
}

@article{Wu2020,
title = {Time-dependent topology optimization of bone plates considering bone remodeling},
journal = {Computer Methods in Applied Mechanics and Engineering},
volume = {359},
pages = {112702},
year = {2020},
issn = {0045-7825},
doi = {https://doi.org/10.1016/j.cma.2019.112702},
url = {https://www.sciencedirect.com/science/article/pii/S0045782519305900},
author = {Chi Wu and Keke Zheng and Jianguang Fang and Grant P. Steven and Qing Li},
keywords = {Topology optimization, Time-dependent, Bone remodeling, Mechanobiology, Bone plate, Implantable prostheses}
}

@article{Boccaccio2008,
author = {Boccaccio, Antonio and Prendergast, Patrick and Pappalettere, Carmine and Kelly, D},
year = {2008},
month = {04},
pages = {283-98},
title = {Tissue differentiation and bone regeneration in an osteotomized mandible: A computational analysis of the latency period},
volume = {46},
journal = {Medical \& biological engineering \& computing},
doi = {10.1007/s11517-007-0247-1}
}

@article{Mehboob2015,
author = {Mehboob, Hassan and Chang, Seung-Hwan},
year = {2015},
month = {01},
pages = {166–173},
title = {Optimal design of a functionally graded biodegradable composite bone plate by using the Taguchi method and finite element analysis},
volume = {119},
journal = {Composite Structures},
doi = {10.1016/j.compstruct.2014.08.029}
}

@article{Ma2018,
author = {Ma, Songyun and Zhou, Bei and Markert, Bernd},
year = {2018},
month = {08},
pages = {},
title = {Numerical simulation of the tissue differentiation and corrosion process of biodegradable magnesium implants during bone fracture healing},
volume = {98},
journal = {ZAMM - Journal of Applied Mathematics and Mechanics / Zeitschrift für Angewandte Mathematik und Mechanik},
doi = {10.1002/zamm.201700314}
}

@article{Alierta2013,
author = {Alierta, J.A. and Pérez, M.A. and Garcia Aznar, Jose Manuel},
year = {2013},
month = {10},
pages = {328-338},
title = {An interface finite element model can be used to predict healing outcome of bone fractures},
volume = {29C},
journal = {Journal of the mechanical behavior of biomedical materials},
doi = {10.1016/j.jmbbm.2013.09.023}
}

@Misc{Bhavik,
    author = "Dr. Bhavik Miyani; Resident Doctor in Department of Oral and Maxillofacial Surgery; Narsinhbhai Patel Dental College and Hospital; Visnagar",
    title = "Mandible fractures",
    url  = "https://www.slideshare.net/DrBhavikMiyani/mandibular-fractures-153512862"
}

@article{KChen,
    title = "Effect of strain on degradation behaviors of WE43, Fe and Zn wires",
    journal = "Acta Biomaterialia",
    volume = "113",
    pages = "627 - 645",
    year = "2020",
    issn = "1742-7061",
    doi = "https://doi.org/10.1016/j.actbio.2020.06.028",
    author = "Kai Chen and Yun Lu and Hongyan Tang and Yuanming Gao and Feng Zhao and Xuenan Gu and Yubo Fan",
    keywords = "Biodegradable metal, Magnesium, Iron, Zinc, Strain, Degradation"
}

@article{thrombosis,
    author = {Modi K. and Soos M.P. and Mahajan K.},
    year = {2020},
    title = {Stent Thrombosis},
    journal = {Treasure Island (FL), StatPearls Publishing},
    url = {https://www.ncbi.nlm.nih.gov/books/NBK441908/}
}

@incollection{inflammation,
title = "Chapter 2 - Biomaterials: Design, Development and Biomedical Applications",
editor = "Sabu Thomas and Yves Grohens and Neethu Ninan",
booktitle = "Nanotechnology Applications for Tissue Engineering",
publisher = "William Andrew Publishing",
address = "Oxford",
pages = "21 - 44",
year = "2015",
isbn = "978-0-323-32889-0",
doi = "https://doi.org/10.1016/B978-0-323-32889-0.00002-9",
author = "Gownolla Malegowd Raghavendra and Kokkarachedu Varaprasad and Tippabattini Jayaramudu",
keywords = "Biomaterials, defective organ, biomedical functional materials, living organism, bioalternatives",
}

@article{Han,
title = "Current status and outlook on the clinical translation of biodegradable metals",
journal = "Materials Today",
volume = "23",
pages = "57 - 71",
year = "2019",
issn = "1369-7021",
doi = "https://doi.org/10.1016/j.mattod.2018.05.018",
author = "Hyung-Seop Han and Sergio Loffredo and Indong Jun and James Edwards and Yu-Chan Kim and Hyun-Kwang Seok and Frank Witte and Diego Mantovani and Sion Glyn-Jones"
}

@article{JChen,
    title = "Mechanical properties of magnesium alloys for medical application: A review",
    journal = "Journal of the Mechanical Behavior of Biomedical Materials",
    volume = "87",
    pages = "68 - 79",
    year = "2018",
    issn = "1751-6161",
    doi = "https://doi.org/10.1016/j.jmbbm.2018.07.022",
    author = "Junxiu Chen and Lili Tan and Xiaoming Yu and Iniobong P. Etim and Muhammad Ibrahim and Ke Yang",
    keywords = "Biodegradable magnesium alloy, Mechanical properties, Medical application"
}

@article{Yang,
    title = "Mg bone implant: Features, developments and perspectives",
    journal = "Materials \& Design",
    volume = "185",
    pages = "108259",
    year = "2020",
    issn = "0264-1275",
    doi = "https://doi.org/10.1016/j.matdes.2019.108259",
    author = "Youwen Yang and Chongxian He and  {Dianyu E} and Wenjing Yang and Fangwei Qi and Deqiao Xie and Lida Shen and Shuping Peng and Cijun Shuai",
    keywords = "Mg bone implant, Degradation behavior, Additive manufacturing, Bone scaffold"
}

@Misc{JPAO,
    author = "AO Foundation Surgery Reference",
    title = "Load-sharing osteosynthesis",
    url  = "https://surgeryreference.aofoundation.org/cmf/basic-technique/load-bearing-versus-load-sharing"
}

@article{Bohluli,
title = {Treatment of mandibular angle fracture: Revision of the basic principles},
journal = {Chinese Journal of Traumatology},
volume = {22},
number = {2},
pages = {117-119},
year = {2019},
issn = {1008-1275},
doi = {https://doi.org/10.1016/j.cjtee.2019.01.005},
url = {https://www.sciencedirect.com/science/article/pii/S1008127518302372},
author = {Behnam Bohluli and Ebrahim Mohammadi and Iman zoljanah Oskui and Nima Moharamnejad}
}

@Misc{explicit2,
    author = "Abaqus Inc.",
    title = "ABAQUS/Explicit: Advanced Topics",
    url  = "https://imechanica.org/files/0-overview\%20Explicit.pdf"
}

@Misc{daf,
    author = "Abaqus",
    title = "Damage evolution and element removal for ductile metals (documentation)",
    url  = "http://130.149.89.49:2080/v6.14/books/usb/default.htm"
}

@inproceedings{WE43,
  title={Ductilization of High-Strength Magnesium Alloys},
  author={G. Olson and Shengjun Zhang},
  year={2012}
}

@Misc{daf2,
author = {Islam, Md},
year = {2018},
month = {05},
title = {How to perform  Element deletion in ABAQUS using ductile damage criteria?}
}

@article{Reina,
title = {Numerical estimation of bone density and elastic constants distribution in a human mandible},
journal = {Journal of Biomechanics},
volume = {40},
number = {4},
pages = {828-836},
year = {2007},
issn = {0021-9290},
doi = {https://doi.org/10.1016/j.jbiomech.2006.03.007},
url = {https://www.sciencedirect.com/science/article/pii/S0021929006000972},
author = {J.M. Reina and J.M. García-Aznar and J. Domínguez and M. Doblaré}
}

@article{Korioth,
  title={Three-dimensional finite element stress analysis of the dentate human mandible.},
  author={T. Korioth and D. Romilly and A. Hannam},
  journal={American journal of physical anthropology},
  year={1992},
  volume={88 1},
  pages={69-96}
}

@article{Mansour,
author = {Mansour, Ameerah},
year = {2017},
month = {10},
pages = {136},
title = {A comparison of orthodontic elastic forces: Focus on reduced inventory},
volume = {6},
journal = {journal of orthodontic science}
}

@Misc{dentwiki,
    author = {Dent-Wiki},
    title = {Form and Function of the Dentition},
    url  = {http://www.dent-wiki.com}
}

@Misc{odora,
    author = "The Odora",
    title = "5b. 8. The Mandible (Lower Jaw)",
    url  = "https://theodora.com"
}

@article{Sittitavornwong,
author = {Sittitavornwong, Somsak and Ashley, David and Denson, Douglas and Walma, David and Potter, Sarah and Lin, Chee Paul and Freind, Jonathan},
year = {2019},
month = {01},
pages = {e18-e23},
title = {Assessment of the Integrity of Adult Human Mandibular Angle},
volume = {03},
journal = {Craniomaxillofacial Trauma \& Reconstruction Open},
doi = {10.1055/s-0038-1676771}
}

@article{More,
author = {More, Rakhi and Reddy, Anand},
year = {2018},
month = {11},
pages = {457-460},
title = {Study of mandibular thickness in dentulous and edentulous mandibles},
volume = {5},
journal = {Indian Journal of Clinical Anatomy and Physiology},
doi = {10.18231/2394-2126.2018.0106}
}

@article{Katranji,
author = {Katranji, Amar and Misch, Kelly and Wang, Hom-Lay},
year = {2007},
month = {06},
pages = {874-8},
title = {Cortical Bone Thickness in Dentate and Edentulous Human Cadavers},
volume = {78},
journal = {Journal of periodontology},
doi = {10.1902/jop.2007.060342}
}

@article{plos,
    doi = {10.1371/journal.pone.0188707},
    author = {McCormack, Steven W. AND Witzel, Ulrich AND Watson, Peter J. AND Fagan, Michael J. AND Gröning, Flora},
    journal = {PLOS ONE},
    publisher = {Public Library of Science},
    title = {Inclusion of periodontal ligament fibres in mandibular finite element models leads to an increase in alveolar bone strains},
    year = {2017},
    month = {11},
    volume = {12},
    url = {https://doi.org/10.1371/journal.pone.0188707},
    pages = {1-23},
    number = {11}
}

@incollection{Voss,
title = {13 - Fractures},
editor = {P.M. Montavon and K. Voss and S.J. Langley-Hobbs},
booktitle = {Feline Orthopedic Surgery and Musculoskeletal Disease},
publisher = {W.B. Saunders},
address = {Edinburgh},
pages = {129-152},
year = {2009},
isbn = {978-0-7020-2986-8},
doi = {https://doi.org/10.1016/B978-0-7020-2986-8.00022-7},
url = {https://www.sciencedirect.com/science/article/pii/B9780702029868000227},
author = {K. Voss and P.M. Montavon}
}

@article{Marsell,
title = {The biology of fracture healing},
journal = {Injury},
volume = {42},
number = {6},
pages = {551-555},
year = {2011},
note = {Bone Regeneration in the 21st Century},
issn = {0020-1383},
doi = {https://doi.org/10.1016/j.injury.2011.03.031},
url = {https://www.sciencedirect.com/science/article/pii/S0020138311001252},
author = {Richard Marsell and Thomas A. Einhorn},
keywords = {Bone healing, Intramembranous, Endochondral, Callus, Cartilaginous, Periosteal, Angiogenesis, Revascularisation, Bone trauma, Bone injury}
}

@article{Lakatos,
author = {Lakatos, Eva and Magyar, Lóránt and Bojtár, Imre},
year = {2014},
month = {10},
pages = {},
title = {Material Properties of the Mandibular Trabecular Bone},
volume = {2014},
journal = {Journal of Medical Engineering},
doi = {10.1155/2014/470539}
}

@online{hawkeye,
    author = "Hawkeye Histology",
    title = "Part B Types of bone",
    url  = "https://nathan-swailes.squarespace.com/172-typesofbone"
}

@article{Isaksson,
author = {Isaksson, Hanna and van Donkelaar, Corrinus and Ito, Keita},
year = {2009},
month = {03},
pages = {555-64},
title = {Sensitivity of tissue differentiation and bone healing predictions to tissue properties},
volume = {42},
journal = {Journal of biomechanics},
doi = {10.1016/j.jbiomech.2009.01.001}
}

@inbook{beamtheory,
    author    = "Saul K. Fenster and Ansel C. Ugural",
    title     = "Advanced Mechanics of Materials and Applied Elasticity",
    chapter= "5.9",
    year      = "2019",
    month = "8",
    publisher = "Pearson",
    isbn   = "9780134859378"
}

@article{Kanchanomai,
title = {Fatigue failure of an orthopedic implant – A locking compression plate},
journal = {Engineering Failure Analysis},
volume = {15},
number = {5},
pages = {521-530},
year = {2008},
issn = {1350-6307},
doi = {https://doi.org/10.1016/j.engfailanal.2007.04.001},
url = {https://www.sciencedirect.com/science/article/pii/S1350630707000787},
author = {C. Kanchanomai and V. Phiphobmongkol and P. Muanjan}
}

@article{Zhao,
author = {Zhao, Zhongwei and Zhang, Hongwei and Xian, Lina and Liu, Haiqing},
year = {2019},
month = {12},
pages = {},
title = {Tensile strength of Q345 steel with random pitting corrosion based on numerical analysis},
journal = {Thin-Walled Structures},
doi = {10.1016/j.tws.2019.106579}
}

@Article{Perez-Boerema2022,
  author    = {Fernando Perez-Boerema and Mojtaba Barzegari and Liesbet Geris},
  title     = {A flexible and easy-to-use open-source tool for designing functionally graded 3D porous structures},
  journal   = {Virtual and Physical Prototyping},
  year      = {2022},
  volume    = {17},
  number    = {3},
  pages     = {682--699},
  month     = {mar},
  doi       = {10.1080/17452759.2022.2048956},
  publisher = {Informa {UK} Limited},
}

@Article{Sun2007,
  author    = {Y. Sun and C. Beckermann},
  title     = {Sharp interface tracking using the phase-field equation},
  journal   = {Journal of Computational Physics},
  year      = {2007},
  volume    = {220},
  number    = {2},
  pages     = {626--653},
  month     = {jan},
  doi       = {10.1016/j.jcp.2006.05.025},
  publisher = {Elsevier {BV}},
}

@Article{Osher1988,
  author    = {Stanley Osher and James A Sethian},
  title     = {Fronts propagating with curvature-dependent speed: Algorithms based on Hamilton-Jacobi formulations},
  journal   = {Journal of Computational Physics},
  year      = {1988},
  volume    = {79},
  number    = {1},
  pages     = {12--49},
  month     = {nov},
  doi       = {10.1016/0021-9991(88)90002-2},
  publisher = {Elsevier {BV}},
}

@article{Andrew2000,
author = {Andrew, Alex M.},
title = {LEVEL SET METHODS AND FAST MARCHING METHODS: EVOLVING INTERFACES IN COMPUTATIONAL GEOMETRY, FLUID MECHANICS, COMPUTER VISION, AND MATERIALS SCIENCE, by J.A. Sethian, Cambridge University Press, Cambridge, UK, 2nd Edn. 1999 (First Published 1996 as Level Set Methods) Xviii + 420 Pp., ISBN (Paperback) 0-521-64557-3, (Hardback) 0-521-64204-3 (Pbk, £18.95)},
year = {2000},
issue_date = {January 2000},
publisher = {Cambridge University Press},
address = {USA},
volume = {18},
number = {1},
issn = {0263-5747},
journal = {Robotica},
month = {jan},
pages = {89–92},
numpages = {4}
}

@Article{Rider1998,
  author    = {William J. Rider and Douglas B. Kothe},
  title     = {Reconstructing Volume Tracking},
  journal   = {Journal of Computational Physics},
  year      = {1998},
  volume    = {141},
  number    = {2},
  pages     = {112--152},
  month     = {apr},
  doi       = {10.1006/jcph.1998.5906},
  publisher = {Elsevier {BV}},
}

@Article{Bellemans2017,
  author    = {Inge Bellemans and Nele Moelans and Kim Verbeken},
  title     = {Phase-Field Modelling in Extractive Metallurgy},
  journal   = {Critical Reviews in Solid State and Materials Sciences},
  year      = {2017},
  volume    = {43},
  number    = {5},
  pages     = {417--454},
  month     = {dec},
  doi       = {10.1080/10408436.2017.1397500},
  publisher = {Informa {UK} Limited},
}

@Article{Boettinger2002,
  author    = {W. J. Boettinger and J. A. Warren and C. Beckermann and A. Karma},
  title     = {Phase-Field Simulation of Solidification},
  journal   = {Annual Review of Materials Research},
  year      = {2002},
  volume    = {32},
  number    = {1},
  pages     = {163--194},
  month     = {aug},
  doi       = {10.1146/annurev.matsci.32.101901.155803},
  publisher = {Annual Reviews},
}

@Article{Mai2016,
  author    = {Weijie Mai and Soheil Soghrati and Rudolph G. Buchheit},
  title     = {A phase field model for simulating the pitting corrosion},
  journal   = {Corrosion Science},
  year      = {2016},
  volume    = {110},
  pages     = {157--166},
  month     = {sep},
  doi       = {10.1016/j.corsci.2016.04.001},
  publisher = {Elsevier {BV}},
}

@Article{Lin2019,
  author    = {Chen Lin and Haihui Ruan and San-Qiang Shi},
  title     = {Phase field study of mechanico-electrochemical corrosion},
  journal   = {Electrochimica Acta},
  year      = {2019},
  volume    = {310},
  pages     = {240--255},
  month     = {jul},
  doi       = {10.1016/j.electacta.2019.04.076},
  publisher = {Elsevier {BV}},
}

@Article{Jeong2017,
  author    = {Darae Jeong and Junseok Kim},
  title     = {Phase-field model and its splitting numerical scheme for tissue growth},
  journal   = {Applied Numerical Mathematics},
  year      = {2017},
  volume    = {117},
  pages     = {22--35},
  month     = {jul},
  doi       = {10.1016/j.apnum.2017.01.020},
  publisher = {Elsevier {BV}},
}

@Misc{Imanian2018,
  author    = {Imanian, Anahita and Amiri, Mehdi},
  title     = {Phase Field Modeling of Galvanic Corrosion},
  year      = {2018},
  copyright = {arXiv.org perpetual, non-exclusive license},
  doi       = {10.48550/ARXIV.1804.08517},
  keywords  = {Materials Science (cond-mat.mtrl-sci), FOS: Physical sciences},
  publisher = {arXiv},
}

@Article{Lin2020,
  author    = {Chen Lin and Haihui Ruan},
  title     = {Multi-phase-field modeling of localized corrosion involving galvanic pitting and mechano-electrochemical coupling},
  journal   = {Corrosion Science},
  year      = {2020},
  volume    = {177},
  pages     = {108900},
  month     = {dec},
  doi       = {10.1016/j.corsci.2020.108900},
  publisher = {Elsevier {BV}},
}

@Article{Ansari2018,
  author    = {Talha Qasim Ansari and Zhihua Xiao and Shenyang Hu and Yulan Li and Jing-Li Luo and San-Qiang Shi},
  title     = {Phase-field model of pitting corrosion kinetics in metallic materials},
  journal   = {npj Computational Materials},
  year      = {2018},
  volume    = {4},
  number    = {1},
  month     = {jul},
  doi       = {10.1038/s41524-018-0089-4},
  publisher = {Springer Science and Business Media {LLC}},
}

@Article{Tsuyuki2018,
  author    = {Chisa Tsuyuki and Akinori Yamanaka and Yasushi Ogimoto},
  title     = {Phase-field modeling for {pH}-dependent general and pitting corrosion of iron},
  journal   = {Scientific Reports},
  year      = {2018},
  volume    = {8},
  number    = {1},
  month     = {aug},
  doi       = {10.1038/s41598-018-31145-7},
  publisher = {Springer Science and Business Media {LLC}},
}

@Article{Chadwick2018,
  author    = {Alexander F. Chadwick and James A. Stewart and Ra{\'{u}}l A. Enrique and Sicen Du and Katsuyo Thornton},
  title     = {Numerical Modeling of Localized Corrosion Using Phase-Field and Smoothed Boundary Methods},
  journal   = {Journal of The Electrochemical Society},
  year      = {2018},
  volume    = {165},
  number    = {10},
  pages     = {C633--C646},
  doi       = {10.1149/2.0701810jes},
  publisher = {The Electrochemical Society},
}

@Article{Lee2019,
  author    = {Hyun Geun Lee and Jintae Park and Sungha Yoon and Chaeyoung Lee and Junseok Kim},
  title     = {Mathematical Model and Numerical Simulation for Tissue Growth on Bioscaffolds},
  journal   = {Applied Sciences},
  year      = {2019},
  volume    = {9},
  number    = {19},
  pages     = {4058},
  month     = {sep},
  doi       = {10.3390/app9194058},
  publisher = {{MDPI} {AG}},
}

@Article{Karma1998,
  author    = {Alain Karma and Wouter-Jan Rappel},
  title     = {Quantitative phase-field modeling of dendritic growth in two and three dimensions},
  journal   = {Physical Review E},
  year      = {1998},
  volume    = {57},
  number    = {4},
  pages     = {4323--4349},
  month     = {apr},
  doi       = {10.1103/physreve.57.4323},
  publisher = {American Physical Society ({APS})},
}

@Article{Chen2002,
  author    = {Long-Qing Chen},
  title     = {Phase-Field Models for Microstructure Evolution},
  journal   = {Annual Review of Materials Research},
  year      = {2002},
  volume    = {32},
  number    = {1},
  pages     = {113--140},
  month     = {aug},
  doi       = {10.1146/annurev.matsci.32.112001.132041},
  publisher = {Annual Reviews},
}

@Article{Chen1994,
  author    = {Long-Qing Chen and Wei Yang},
  title     = {Computer simulation of the domain dynamics of a quenched system with a large number of nonconserved order parameters: The grain-growth kinetics},
  journal   = {Physical Review B},
  year      = {1994},
  volume    = {50},
  number    = {21},
  pages     = {15752--15756},
  month     = {dec},
  doi       = {10.1103/physrevb.50.15752},
  publisher = {American Physical Society ({APS})},
}

@Article{Henry2004,
  author    = {Herv{\'{e}} Henry and Herbert Levine},
  title     = {Dynamic Instabilities of Fracture under Biaxial Strain Using a Phase Field Model},
  journal   = {Physical Review Letters},
  year      = {2004},
  volume    = {93},
  number    = {10},
  month     = {sep},
  doi       = {10.1103/physrevlett.93.105504},
  publisher = {American Physical Society ({APS})},
}

@Article{Spatschek2011,
  author    = {Robert Spatschek and Efim Brener and Alain Karma},
  title     = {Phase field modeling of crack propagation},
  journal   = {Philosophical Magazine},
  year      = {2011},
  volume    = {91},
  number    = {1},
  pages     = {75--95},
  month     = {jan},
  doi       = {10.1080/14786431003773015},
  publisher = {Informa {UK} Limited},
}

@Article{Bhate2000,
  author    = {Deepali N. Bhate and Ashish Kumar and Allan F. Bower},
  title     = {Diffuse interface model for electromigration and stress voiding},
  journal   = {Journal of Applied Physics},
  year      = {2000},
  volume    = {87},
  number    = {4},
  pages     = {1712--1721},
  month     = {feb},
  doi       = {10.1063/1.372082},
  publisher = {{AIP} Publishing},
}

@Article{Anderson1998,
  author    = {D. M. Anderson and G. B. McFadden and A. A. Wheeler},
  title     = {{DIFFUSE}-{INTERFACE} {METHODS} {IN} {FLUID} {MECHANICS}},
  journal   = {Annual Review of Fluid Mechanics},
  year      = {1998},
  volume    = {30},
  number    = {1},
  pages     = {139--165},
  month     = {jan},
  doi       = {10.1146/annurev.fluid.30.1.139},
  publisher = {Annual Reviews},
}

@Article{Beckermann1999,
  author    = {C Beckermann and H.-J Diepers and I Steinbach and A Karma and X Tong},
  title     = {Modeling Melt Convection in Phase-Field Simulations of Solidification},
  journal   = {Journal of Computational Physics},
  year      = {1999},
  volume    = {154},
  number    = {2},
  pages     = {468--496},
  month     = {sep},
  doi       = {10.1006/jcph.1999.6323},
  publisher = {Elsevier {BV}},
}

@Article{Abboud2019,
  author    = {Hyam Abboud and Clara Al Kosseifi and Jean-Paul Chehab},
  title     = {A stabilized bi-grid method for Allen{\textendash}Cahn equation in finite elements},
  journal   = {Computational and Applied Mathematics},
  year      = {2019},
  volume    = {38},
  number    = {2},
  month     = {mar},
  doi       = {10.1007/s40314-019-0781-0},
  publisher = {Springer Science and Business Media {LLC}},
}

@Article{Shen2010,
  author    = {Jie Shen and and Xiaofeng Yang and},
  title     = {Numerical approximations of Allen-Cahn and Cahn-Hilliard equations},
  journal   = {Discrete {\&} Continuous Dynamical Systems - A},
  year      = {2010},
  volume    = {28},
  number    = {4},
  pages     = {1669--1691},
  doi       = {10.3934/dcds.2010.28.1669},
  publisher = {American Institute of Mathematical Sciences ({AIMS})},
}

@Article{Guyot2016,
  author    = {Y. Guyot and I. Papantoniou and F. P. Luyten and L. Geris},
  title     = {Coupling curvature-dependent and shear stress-stimulated neotissue growth in dynamic bioreactor cultures: a 3D computational model of a complete scaffold},
  journal   = {Biomechanics and Modeling in Mechanobiology},
  year      = {2016},
  volume    = {15},
  number    = {1},
  pages     = {169--180},
  month     = {jan},
  doi       = {10.1007/s10237-015-0753-2},
  publisher = {Springer Science and Business Media {LLC}},
}

@Book{Chung2014,
  title     = {Computational Fluid Dynamics},
  publisher = {Cambridge University Press},
  year      = {2014},
  author    = {Chung, T. J.},
  isbn      = {0521769698},
  date      = {2014-07-25},
  ean       = {9780521769693},
  pagetotal = {1058},
  url       = {https://www.ebook.de/de/product/11824843/t_j_chung_computational_fluid_dynamics.html},
}

@InCollection{Quarteroni2014,
  author    = {Alfio Quarteroni},
  title     = {Navier-Stokes equations},
  booktitle = {Numerical Models for Differential Problems},
  publisher = {Springer Milan},
  year      = {2014},
  pages     = {429--482},
  doi       = {10.1007/978-88-470-5522-3_16},
}

@Book{Girault1979,
  title     = {Finite Element Approximation of the Navier-Stokes Equations},
  publisher = {Springer Berlin Heidelberg},
  year      = {1979},
  author    = {Vivette Girault and Pierre-Arnaud Raviart},
  doi       = {10.1007/bfb0063447},
}

@Book{Elman2014,
  title     = {Finite Elements and Fast Iterative Solvers with Applications in Incompressible Fluid Dynamics},
  publisher = {Oxford University {PressOxford}},
  year      = {2014},
  author    = {Howard Elman and David Silvester and Andy Wathen},
  month     = {jun},
  doi       = {10.1093/acprof:oso/9780199678792.001.0001},
}

@Unpublished{devuyst2013,
  author      = {de Vuyst, Florian},
  title       = {{Numerical modeling of transport problems using freefem++ software -- with examples in biology, CFD, traffic flow and energy transfer}},
  note        = {Lecture},
  month       = Sep,
  year        = {2013},
  address     = {ENS CACHAN},
  hal_id      = {cel-00842234},
  hal_version = {v1},
  pages       = {162},
  type        = {Master},
  url         = {https://cel.archives-ouvertes.fr/cel-00842234},
}

@Article{Wang2022,
  author    = {Cheng Wang and Ci Song and Di Mei and Linqian Wang and Wenhui Wang and Ting Wu and Darya Snihirova and Mikhail L. Zheludkevich and Sviatlana V. Lamaka},
  title     = {Low interfacial {pH} discloses the favorable biodegradability of several Mg alloys},
  journal   = {Corrosion Science},
  year      = {2022},
  volume    = {197},
  pages     = {110059},
  month     = {apr},
  doi       = {10.1016/j.corsci.2021.110059},
  publisher = {Elsevier {BV}},
}

@Article{Gonzalez2021,
  author    = {Jorge Gonzalez and Sviatlana V. Lamaka and Di Mei and Nico Scharnagl and Frank Feyerabend and Mikhail L. Zheludkevich and Regine Willumeit-Römer},
  title     = {Mg Biodegradation Mechanism Deduced from the Local Surface Environment under Simulated Physiological Conditions},
  journal   = {Advanced Healthcare Materials},
  year      = {2021},
  volume    = {10},
  number    = {13},
  pages     = {2100053},
  month     = {may},
  doi       = {10.1002/adhm.202100053},
  publisher = {Wiley},
}

@Article{Ingri1967,
  author    = {Nils Ingri and Wladys{\l}aw Kakolowicz and Lars Gunnar Sill{\'{e}}n and Björn Warnqvist},
  title     = {High-speed computers as a supplement to graphical methods{\textemdash}V1Haltafall, a general program for calculating the composition of equilibrium mixtures},
  journal   = {Talanta},
  year      = {1967},
  volume    = {14},
  number    = {11},
  pages     = {1261--1286},
  month     = {nov},
  doi       = {10.1016/0039-9140(67)80203-0},
  publisher = {Elsevier {BV}},
}

@Article{Warnqvist1971,
  author    = {B Warnqvist},
  title     = {The {HALTAFALL} program-some corrections, and comments on recent experience},
  journal   = {Talanta},
  year      = {1971},
  volume    = {18},
  number    = {4},
  pages     = {457--458},
  month     = {apr},
  doi       = {10.1016/0039-9140(71)80069-3},
  publisher = {Elsevier {BV}},
}

@Article{Eriksson1979,
  author    = {Gunnar Eriksson},
  title     = {An algorithm for the computation of aqueous multi-component, multiphase equilibria},
  journal   = {Analytica Chimica Acta},
  year      = {1979},
  volume    = {112},
  number    = {4},
  pages     = {375--383},
  month     = {dec},
  doi       = {10.1016/s0003-2670(01)85035-2},
  publisher = {Elsevier {BV}},
}

@Article{Bidan2012,
  author    = {C{\'{e}}cile M. Bidan and Krishna P. Kommareddy and Monika Rumpler and Philip Kollmannsberger and Yves J. M. Br{\'{e}}chet and Peter Fratzl and John W. C. Dunlop},
  title     = {How Linear Tension Converts to Curvature: Geometric Control of Bone Tissue Growth},
  journal   = {{PLoS} {ONE}},
  year      = {2012},
  volume    = {7},
  number    = {5},
  pages     = {e36336},
  month     = {may},
  doi       = {10.1371/journal.pone.0036336},
  editor    = {Ryan Keith Roeder},
  publisher = {Public Library of Science ({PLoS})},
}

@Article{Bidan2012a,
  author    = {C{\'{e}}cile M. Bidan and Krishna P. Kommareddy and Monika Rumpler and Philip Kollmannsberger and Peter Fratzl and John W. C. Dunlop},
  title     = {Geometry as a Factor for Tissue Growth: Towards Shape Optimization of Tissue Engineering Scaffolds},
  journal   = {Advanced Healthcare Materials},
  year      = {2012},
  volume    = {2},
  number    = {1},
  pages     = {186--194},
  month     = {nov},
  doi       = {10.1002/adhm.201200159},
  publisher = {Wiley},
}

@Article{Rumpler2008,
  author    = {Monika Rumpler and Alexander Woesz and John W.C Dunlop and Joost T van Dongen and Peter Fratzl},
  title     = {The effect of geometry on three-dimensional tissue growth},
  journal   = {Journal of The Royal Society Interface},
  year      = {2008},
  volume    = {5},
  number    = {27},
  pages     = {1173--1180},
  month     = {mar},
  doi       = {10.1098/rsif.2008.0064},
  publisher = {The Royal Society},
}

@Article{Guyot2014,
  author    = {Y. Guyot and I. Papantoniou and Y. C. Chai and S. Van Bael and J. Schrooten and L. Geris},
  title     = {A computational model for cell/{ECM} growth on 3D surfaces using the level set method: a bone tissue engineering case study},
  journal   = {Biomechanics and Modeling in Mechanobiology},
  year      = {2014},
  volume    = {13},
  number    = {6},
  pages     = {1361--1371},
  month     = {apr},
  doi       = {10.1007/s10237-014-0577-5},
  publisher = {Springer Science and Business Media {LLC}},
}

@Article{Papantoniou2014,
  author    = {Ioannis Papantoniou and Maarten Sonnaert and Liesbet Geris and Frank P. Luyten and Jan Schrooten and Greet Kerckhofs},
  title     = {Three-Dimensional Characterization of Tissue-Engineered Constructs by Contrast-Enhanced Nanofocus Computed Tomography},
  journal   = {Tissue Engineering Part C: Methods},
  year      = {2014},
  volume    = {20},
  number    = {3},
  pages     = {177--187},
  month     = {mar},
  doi       = {10.1089/ten.tec.2013.0041},
  publisher = {Mary Ann Liebert Inc},
}

@InCollection{Elliott1989,
  author    = {C. M. Elliott},
  title     = {The Cahn-Hilliard Model for the Kinetics of Phase Separation},
  booktitle = {Mathematical Models for Phase Change Problems},
  publisher = {Birkhäuser Basel},
  year      = {1989},
  pages     = {35--73},
  doi       = {10.1007/978-3-0348-9148-6_3},
}

@Article{Darling2008,
  author    = {Eric M. Darling and Farshid Guilak},
  title     = {A Neural Network Model for Cell Classification Based on Single-Cell Biomechanical Properties},
  journal   = {Tissue Engineering Part A},
  year      = {2008},
  volume    = {14},
  number    = {9},
  pages     = {1507--1515},
  month     = {sep},
  doi       = {10.1089/ten.tea.2008.0180},
  publisher = {Mary Ann Liebert Inc},
}

@Article{Weller1998,
  author    = {H. G. Weller and G. Tabor and H. Jasak and C. Fureby},
  title     = {A tensorial approach to computational continuum mechanics using object-oriented techniques},
  journal   = {Computers in Physics},
  year      = {1998},
  volume    = {12},
  number    = {6},
  pages     = {620},
  doi       = {10.1063/1.168744},
  publisher = {{AIP} Publishing},
}

@Article{Agarwal2016,
  author    = {Sankalp Agarwal and James Curtin and Brendan Duffy and Swarna Jaiswal},
  title     = {Biodegradable magnesium alloys for orthopaedic applications: A review on corrosion, biocompatibility and surface modifications},
  journal   = {Materials Science and Engineering: C},
  year      = {2016},
  volume    = {68},
  pages     = {948--963},
  month     = {nov},
  doi       = {10.1016/j.msec.2016.06.020},
  publisher = {Elsevier {BV}},
}

@Article{Geuzaine2009,
  author    = {Christophe Geuzaine and Jean-Fran{\c{c}}ois Remacle},
  title     = {Gmsh: A 3-D finite element mesh generator with built-in pre- and post-processing facilities},
  journal   = {International Journal for Numerical Methods in Engineering},
  year      = {2009},
  volume    = {79},
  number    = {11},
  pages     = {1309--1331},
  month     = {may},
  doi       = {10.1002/nme.2579},
  publisher = {Wiley},
}

@unpublished{balarac:hal-03344779,
  TITLE = {{Tetrahedral Remeshing in the Context of Large-Scale Numerical Simulation and High Performance Computing}},
  AUTHOR = {Balarac, Guillaume and Basile, Francesca and Benard, Pierre and Bordeu, Felipe and Chapelier, Jean-Baptiste and Cirrottola, Luca and Caumon, Guillaume and Dapogny, Charles and Frey, Pascal and Froehly, Algiane and Ghigliotti, Giovanni and Laraufie, Romain and Lartigue, Ghislain and Legentil, Capucine and Mercier, Renaud and Moureau, Vincent and Nardoni, Chiara and Pertant, Savinien and Zakari, Mustapha},
  URL = {https://hal.sorbonne-universite.fr/hal-03344779},
  NOTE = {working paper or preprint},
  HAL_LOCAL_REFERENCE = {TOP},
  YEAR = {2021},
  MONTH = Sep,
  HAL_ID = {hal-03344779},
  HAL_VERSION = {v1},
}

@Article{Sikavitsas2005,
  author    = {Vassilios I. Sikavitsas and Gregory N. Bancroft and Jeremy J. Lemoine and Michael A. K. Liebschner and Martin Dauner and Antonios G. Mikos},
  title     = {Flow Perfusion Enhances the Calcified Matrix Deposition of Marrow Stromal Cells in Biodegradable Nonwoven Fiber Mesh Scaffolds},
  journal   = {Annals of Biomedical Engineering},
  year      = {2005},
  volume    = {33},
  number    = {1},
  pages     = {63--70},
  month     = {jan},
  doi       = {10.1007/s10439-005-8963-x},
  publisher = {Springer Science and Business Media {LLC}},
}

@Article{Grayson2010,
  author    = {Warren L. Grayson and Darja Marolt and Sarindr Bhumiratana and Mirjam Fröhlich and X. Edward Guo and Gordana Vunjak-Novakovic},
  title     = {Optimizing the medium perfusion rate in bone tissue engineering bioreactors},
  journal   = {Biotechnology and Bioengineering},
  year      = {2010},
  volume    = {108},
  number    = {5},
  pages     = {1159--1170},
  month     = {dec},
  doi       = {10.1002/bit.23024},
  publisher = {Wiley},
}

@Article{Sonnaert2014,
  author    = {M. Sonnaert and I. Papantoniou and V. Bloemen and G. Kerckhofs and F. P. Luyten and J. Schrooten},
  title     = {Human periosteal-derived cell expansion in a perfusion bioreactor system: proliferation, differentiation and extracellular matrix formation},
  journal   = {Journal of Tissue Engineering and Regenerative Medicine},
  year      = {2014},
  volume    = {11},
  number    = {2},
  pages     = {519--530},
  month     = {sep},
  doi       = {10.1002/term.1951},
  publisher = {Wiley},
}

@Article{Song2013,
  author    = {Min Jae Song and David Dean and Melissa L. Knothe Tate},
  title     = {Mechanical modulation of nascent stem cell lineage commitment in tissue engineering scaffolds},
  journal   = {Biomaterials},
  year      = {2013},
  volume    = {34},
  number    = {23},
  pages     = {5766--5775},
  month     = {jul},
  doi       = {10.1016/j.biomaterials.2013.04.023},
  publisher = {Elsevier {BV}},
}

@Article{McCoy2012,
  author    = {R.J. McCoy and C. Jungreuthmayer and F.J. O{\textquotesingle}Brien},
  title     = {Influence of flow rate and scaffold pore size on cell behavior during mechanical stimulation in a flow perfusion bioreactor},
  journal   = {Biotechnology and Bioengineering},
  year      = {2012},
  volume    = {109},
  number    = {6},
  pages     = {1583--1594},
  month     = {jan},
  doi       = {10.1002/bit.24424},
  publisher = {Wiley},
}

@Article{Rauh2011,
  author    = {Juliane Rauh and Falk Milan and Klaus-Peter Günther and Maik Stiehler},
  title     = {Bioreactor Systems for Bone Tissue Engineering},
  journal   = {Tissue Engineering Part B: Reviews},
  year      = {2011},
  volume    = {17},
  number    = {4},
  pages     = {263--280},
  month     = {aug},
  doi       = {10.1089/ten.teb.2010.0612},
  publisher = {Mary Ann Liebert Inc},
}

@Article{Papantoniou2013,
  author    = {Ioannis Papantoniou and Yoke Chin Chai and Frank P. Luyten and Jan Schrooten},
  title     = {Process Quality Engineering for Bioreactor-Driven Manufacturing of Tissue-Engineered Constructs for Bone Regeneration},
  journal   = {Tissue Engineering Part C: Methods},
  year      = {2013},
  volume    = {19},
  number    = {8},
  pages     = {596--609},
  month     = {aug},
  doi       = {10.1089/ten.tec.2012.0526},
  publisher = {Mary Ann Liebert Inc},
}

@Book{H.Versteeg2007,
  title     = {Introduction to Computational Fluid Dynamics, An},
  publisher = {Pearson Education (US)},
  year      = {2007},
  author    = {H. Versteeg, W. Malalasekera},
  isbn      = {0131274988},
  date      = {2007-02-06},
  ean       = {9780131274983},
  pagetotal = {520},
  url       = {https://www.ebook.de/de/product/6283937/h_versteeg_w_malalasekera_introduction_to_computational_fluid_dynamics_an.html},
}

@Book{Sharma2022,
  title     = {Introduction to Computational Fluid Dynamics},
  publisher = {Springer International Publishing},
  year      = {2022},
  author    = {Atul Sharma},
  doi       = {10.1007/978-3-030-72884-7},
}

@Article{Hutmacher2008,
  author    = {Dietmar W. Hutmacher and Harmeet Singh},
  title     = {Computational fluid dynamics for improved bioreactor design and 3D culture},
  journal   = {Trends in Biotechnology},
  year      = {2008},
  volume    = {26},
  number    = {4},
  pages     = {166--172},
  month     = {apr},
  doi       = {10.1016/j.tibtech.2007.11.012},
  publisher = {Elsevier {BV}},
}

@Article{Hossain2012,
  author    = {Md. Shakhawath Hossain and X. B. Chen and D. J. Bergstrom},
  title     = {Investigation of the In Vitro Culture Process for Skeletal-Tissue-Engineered Constructs Using Computational Fluid Dynamics and Experimental Methods},
  journal   = {Journal of Biomechanical Engineering},
  year      = {2012},
  volume    = {134},
  number    = {12},
  month     = {nov},
  doi       = {10.1115/1.4007952},
  publisher = {{ASME} International},
}

@Article{Patrachari2012,
  author    = {Anirudh R. Patrachari and Jagdeep T. Podichetty and Sundararajan V. Madihally},
  title     = {Application of computational fluid dynamics in tissue engineering},
  journal   = {Journal of Bioscience and Bioengineering},
  year      = {2012},
  volume    = {114},
  number    = {2},
  pages     = {123--132},
  month     = {aug},
  doi       = {10.1016/j.jbiosc.2012.03.010},
  publisher = {Elsevier {BV}},
}

@Article{Wang2014,
  author    = {Juan Wang and Venkataraman Giridharan and Vesselin Shanov and Zhigang Xu and Boyce Collins and Leon White and Yongseok Jang and Jagannathan Sankar and Nan Huang and Yeoheung Yun},
  title     = {Flow-induced corrosion behavior of absorbable magnesium-based stents},
  journal   = {Acta Biomaterialia},
  year      = {2014},
  volume    = {10},
  number    = {12},
  pages     = {5213--5223},
  month     = {dec},
  doi       = {10.1016/j.actbio.2014.08.034},
  publisher = {Elsevier {BV}},
}

@Article{Levesque2008,
  author    = {Julie L{\'{e}}vesque and Hendra Hermawan and Dominique Dub{\'{e}} and Diego Mantovani},
  title     = {Design of a pseudo-physiological test bench specific to the development of biodegradable metallic biomaterials},
  journal   = {Acta Biomaterialia},
  year      = {2008},
  volume    = {4},
  number    = {2},
  pages     = {284--295},
  month     = {mar},
  doi       = {10.1016/j.actbio.2007.09.012},
  publisher = {Elsevier {BV}},
}

@Article{Li2012,
  author    = {N Li and C Guo and Y H Wu and Y F Zheng and L Q Ruan},
  title     = {Comparative study on corrosion behaviour of pure Mg and {WE}43 alloy in static, stirring and flowing Hank's solution},
  journal   = {Corrosion Engineering, Science and Technology},
  year      = {2012},
  volume    = {47},
  number    = {5},
  pages     = {346--351},
  month     = {aug},
  doi       = {10.1179/1743278212y.0000000006},
  publisher = {Informa {UK} Limited},
}

@Article{Jafarzadeh2009,
  author    = {K. Jafarzadeh and T. Shahrabi and A. A. Oskouei},
  title     = {Novel approach using {EIS} to study flow accelerated pitting corrosion of {AA}5083-H321 aluminum{\textendash}magnesium alloy in {NaCl} solution},
  journal   = {Journal of Applied Electrochemistry},
  year      = {2009},
  volume    = {39},
  number    = {10},
  pages     = {1725--1731},
  month     = {mar},
  doi       = {10.1007/s10800-009-9867-5},
  publisher = {Springer Science and Business Media {LLC}},
}

@Article{Chen2010,
  author    = {Ying Chen and Shaoxiang Zhang and Jianan Li and Yang Song and Changli Zhao and Xiaonong Zhang},
  title     = {Dynamic degradation behavior of {MgZn} alloy in circulating m-{SBF}},
  journal   = {Materials Letters},
  year      = {2010},
  volume    = {64},
  number    = {18},
  pages     = {1996--1999},
  month     = {sep},
  doi       = {10.1016/j.matlet.2010.06.011},
  publisher = {Elsevier {BV}},
}

@article{Witte2013,
author = {Witte, Frank and Bobe, K. and Meier, Martin},
year = {2013},
month = {01},
pages = {},
title = {MRI based perfusion measurements in bone after implantation of biodegradable magnesium rods},
volume = {26},
journal = {Eur Cells Mater}
}

@Article{Hiromoto2008,
  author    = {Sachiko Hiromoto and Akiko Yamamoto and Norio Maruyama and Hidetoshi Somekawa and Toshiji Mukai},
  title     = {Influence of {pH} and flow on the polarisation behaviour of pure magnesium in borate buffer solutions},
  journal   = {Corrosion Science},
  year      = {2008},
  volume    = {50},
  number    = {12},
  pages     = {3561--3568},
  month     = {dec},
  doi       = {10.1016/j.corsci.2008.09.026},
  publisher = {Elsevier {BV}},
}

@Article{Luthringer2014,
  author    = {Bérengère J.C. Luthringer and Frank Feyerabend and Regine Willumeit-Römer},
  title     = {Magnesium-based implants: a mini-review},
  journal   = {Magnesium Research},
  year      = {2014},
  volume    = {27},
  number    = {4},
  pages     = {142--154},
  month     = {Oct},
  doi       = {10.1684/mrh.2015.0375},
  file      = {:2014Luthringer-Magnesium-Based Implants ΓÇô A Mini-Review.pdf:PDF},
  groups    = {Review},
  publisher = {John Libbey Eurotext},
}

@Article{Kumar2021,
  author    = {Lalit Kumar and Abid Haleem and Mohd. Javaid},
  title     = {Impact of three dimensional printing in orthopedics},
  journal   = {Global Health Journal},
  year      = {2021},
  volume    = {5},
  number    = {4},
  pages     = {178--182},
  month     = {dec},
  doi       = {10.1016/j.glohj.2021.11.009},
  publisher = {Elsevier {BV}},
}

@Article{Yadav2020,
  author    = {Dinesh Yadav and Ramesh Kumar Garg and Akash Ahlawat and Deepak Chhabra},
  title     = {3D printable biomaterials for orthopedic implants: Solution for sustainable and circular economy},
  journal   = {Resources Policy},
  year      = {2020},
  volume    = {68},
  pages     = {101767},
  month     = {oct},
  doi       = {10.1016/j.resourpol.2020.101767},
  publisher = {Elsevier {BV}},
}

@Article{Shuai2019,
  author    = {Cijun Shuai and Sheng Li and Shuping Peng and Pei Feng and Yuxiao Lai and Chengde Gao},
  title     = {Biodegradable metallic bone implants},
  journal   = {Materials Chemistry Frontiers},
  year      = {2019},
  volume    = {3},
  number    = {4},
  pages     = {544--562},
  doi       = {10.1039/c8qm00507a},
  publisher = {Royal Society of Chemistry ({RSC})},
}

@Article{Birmingham2012,
  author    = {E. Birmingham and J. A. Grogan and G. L. Niebur and L. M. McNamara and P. E. McHugh},
  title     = {Computational Modelling of the Mechanics of Trabecular Bone and Marrow Using Fluid Structure Interaction Techniques},
  journal   = {Annals of Biomedical Engineering},
  year      = {2012},
  volume    = {41},
  number    = {4},
  pages     = {814--826},
  month     = {dec},
  doi       = {10.1007/s10439-012-0714-1},
  publisher = {Springer Science and Business Media {LLC}},
}

@Article{Mahmoud2017,
  author    = {Dalia Mahmoud and Mohamed Elbestawi},
  title     = {Lattice Structures and Functionally Graded Materials Applications in Additive Manufacturing of Orthopedic Implants: A Review},
  journal   = {Journal of Manufacturing and Materials Processing},
  year      = {2017},
  volume    = {1},
  number    = {2},
  pages     = {13},
  month     = {oct},
  doi       = {10.3390/jmmp1020013},
  publisher = {{MDPI} {AG}},
}

@Article{Zhang2021,
  author    = {Heng Zhang and Akihiro Takezawa and Xiaohong Ding and Shipeng Xu and Hao Li and Honghu Guo},
  title     = {Topology optimization of degradable composite structures with time-changeable stiffness},
  journal   = {International Journal for Numerical Methods in Engineering},
  year      = {2021},
  volume    = {122},
  number    = {17},
  pages     = {4751--4773},
  month     = {may},
  doi       = {10.1002/nme.6745},
  publisher = {Wiley},
}

@Article{Zhang2021a,
  author    = {Heng Zhang and Akihiro Takezawa and Xiaohong Ding and Shipeng Xu and Pengyun Duan and Hao Li and Honghu Guo},
  title     = {Bi-material microstructural design of biodegradable composites using topology optimization},
  journal   = {Materials {\&} Design},
  year      = {2021},
  volume    = {209},
  pages     = {109973},
  month     = {nov},
  doi       = {10.1016/j.matdes.2021.109973},
  publisher = {Elsevier {BV}},
}

@Article{Zhang2013,
  author    = {Li-Nan Zhang and Zeng-Tao Hou and Xin Ye and Zhao-Bin Xu and Xue-Ling Bai and Peng Shang},
  title     = {The effect of selected alloying element additions on properties of Mg-based alloy as bioimplants: A literature review},
  journal   = {Frontiers of Materials Science},
  year      = {2013},
  volume    = {7},
  number    = {3},
  pages     = {227--236},
  month     = {jul},
  doi       = {10.1007/s11706-013-0210-z},
  publisher = {Springer Science and Business Media {LLC}},
}

@Article{Atrens2020,
  author    = {Andrej Atrens and Zhiming Shi and Syeda U. Mehreen and Sean Johnston and Guang-Ling Song and Xianhua Chen and Fusheng Pan},
  title     = {Review of Mg alloy corrosion rates},
  journal   = {Journal of Magnesium and Alloys},
  year      = {2020},
  volume    = {8},
  number    = {4},
  pages     = {989--998},
  month     = {dec},
  doi       = {10.1016/j.jma.2020.08.002},
  publisher = {Elsevier {BV}},
}

@Article{Li2016,
  author    = {Xia Li and Xiangmei Liu and Shuilin Wu and K.W.K. Yeung and Yufeng Zheng and Paul K. Chu},
  title     = {Design of magnesium alloys with controllable degradation for biomedical implants: From bulk to surface},
  journal   = {Acta Biomaterialia},
  year      = {2016},
  volume    = {45},
  pages     = {2--30},
  month     = {nov},
  doi       = {10.1016/j.actbio.2016.09.005},
  publisher = {Elsevier {BV}},
}

@Article{Kirkland2012,
  author    = {N.T. Kirkland and N. Birbilis and M.P. Staiger},
  title     = {Assessing the corrosion of biodegradable magnesium implants: A critical review of current methodologies and their limitations},
  journal   = {Acta Biomaterialia},
  year      = {2012},
  volume    = {8},
  number    = {3},
  pages     = {925--936},
  month     = {mar},
  doi       = {10.1016/j.actbio.2011.11.014},
  publisher = {Elsevier {BV}},
}

@Article{Zeller-Plumhoff2021,
  author    = {Berit Zeller-Plumhoff and Melissa Gile and Melissa Priebe and Hanna Slominska and Benjamin Boll and Björn Wiese and Tim Würger and Regine Willumeit-Römer and Robert Horst Mei{\ss}ner},
  title     = {Exploring key ionic interactions for magnesium degradation in simulated body fluid {\textendash} A data-driven approach},
  journal   = {Corrosion Science},
  year      = {2021},
  volume    = {182},
  pages     = {109272},
  month     = {apr},
  doi       = {10.1016/j.corsci.2021.109272},
  publisher = {Elsevier {BV}},
}

@Article{Zeller-Plumhoff2022,
  author    = {Berit Zeller-Plumhoff and Tamadur AlBaraghtheh and Daniel Höche and Regine Willumeit-Römer},
  title     = {Computational modelling of magnesium degradation in simulated body fluid under physiological conditions},
  journal   = {Journal of Magnesium and Alloys},
  year      = {2022},
  volume    = {10},
  number    = {4},
  pages     = {965--978},
  month     = {apr},
  doi       = {10.1016/j.jma.2021.11.014},
  publisher = {Elsevier {BV}},
}

@Article{preCICEv2,
  author  = {Chourdakis, G and Davis, K and Rodenberg, B and Schulte, M and Simonis, F and Uekermann, B and Abrams, G and Bungartz, HJ and Cheung Yau, L and Desai, I and Eder, K and Hertrich, R and Lindner, F and Rusch, A and Sashko, D and Schneider, D and Totounferoush, A and Volland, D and Vollmer, P and Koseomur, OZ},
  journal = {Open Research Europe},
  title   = {{preCICE} v2: A sustainable and user-friendly coupling library [version 1; peer review: 2 approved]},
  year    = {2022},
  number  = {51},
  volume  = {2},
  doi     = {10.12688/openreseurope.14445.1},
  url     = {https://doi.org/10.12688/openreseurope.14445.1},
}

@InCollection{Efird2011,
  author    = {K. D. Efird},
  title     = {Flow Effects on Corrosion},
  booktitle = {Uhlig{\textquotesingle}s Corrosion Handbook},
  publisher = {John Wiley {\&} Sons, Inc.},
  year      = {2011},
  pages     = {203--213},
  month     = {apr},
  doi       = {10.1002/9780470872864.ch17},
}

@Article{Xu2009,
  author    = {L.Y. Xu and Y.F. Cheng},
  title     = {Effect of fluid hydrodynamics on flow-assisted corrosion of aluminum alloy in ethylene glycol{\textendash}water solution studied by a microelectrode technique},
  journal   = {Corrosion Science},
  year      = {2009},
  volume    = {51},
  number    = {10},
  pages     = {2330--2335},
  month     = {oct},
  doi       = {10.1016/j.corsci.2009.06.005},
  publisher = {Elsevier {BV}},
}

@Article{Mareci2016,
  author    = {D. Mareci and G. Bolat and J. Izquierdo and C. Crimu and C. Munteanu and I. Antoniac and R.M. Souto},
  title     = {Electrochemical characteristics of bioresorbable binary {MgCa} alloys in Ringer{\textquotesingle}s solution: Revealing the impact of local {pH} distributions during in-vitro dissolution},
  journal   = {Materials Science and Engineering: C},
  year      = {2016},
  volume    = {60},
  pages     = {402--410},
  month     = {mar},
  doi       = {10.1016/j.msec.2015.11.069},
  publisher = {Elsevier {BV}},
}

@Article{Gnedenkov2019,
  author    = {S.V. Gnedenkov and S.L. Sinebryukhov and V.S. Egorkin and D.V. Mashtalyar and I.E. Vyaliy and K.V. Nadaraia and I.M. Imshinetskiy and A.I. Nikitin and E.P. Subbotin and A.S. Gnedenkov},
  title     = {Magnesium fabricated using additive technology: Specificity of corrosion and protection},
  journal   = {Journal of Alloys and Compounds},
  year      = {2019},
  volume    = {808},
  pages     = {151629},
  month     = {nov},
  doi       = {10.1016/j.jallcom.2019.07.341},
  publisher = {Elsevier {BV}},
}

@Article{Tefashe2015,
  author    = {Ushula M. Tefashe and Philippe Dauphin-Ducharme and Mohsen Danaie and Zachary P. Cano and Joseph R. Kish and Gianluigi A. Botton and Janine Mauzeroll},
  title     = {Localized Corrosion Behavior of {AZ}31B Magnesium Alloy with an Electrodeposited Poly(3,4-Ethylenedioxythiophene) Coating},
  journal   = {Journal of The Electrochemical Society},
  year      = {2015},
  volume    = {162},
  number    = {10},
  pages     = {C536--C544},
  doi       = {10.1149/2.0601510jes},
  publisher = {The Electrochemical Society},
}

@Article{Lamaka2009,
  author    = {S.V. Lamaka and G. Knörnschild and D.V. Snihirova and M.G. Taryba and M.L. Zheludkevich and M.G.S. Ferreira},
  title     = {Complex anticorrosion coating for {ZK}30 magnesium alloy},
  journal   = {Electrochimica Acta},
  year      = {2009},
  volume    = {55},
  number    = {1},
  pages     = {131--141},
  month     = {dec},
  doi       = {10.1016/j.electacta.2009.08.018},
  publisher = {Elsevier {BV}},
}

@Article{Manhas2016,
  author    = {Varun Manhas and Yann Guyot and Greet Kerckhofs and Yoke Chin Chai and Liesbet Geris},
  title     = {Computational modelling of local calcium ions release from calcium phosphate-based scaffolds},
  journal   = {Biomechanics and Modeling in Mechanobiology},
  year      = {2016},
  volume    = {16},
  number    = {2},
  pages     = {425--438},
  month     = {sep},
  doi       = {10.1007/s10237-016-0827-9},
  publisher = {Springer Science and Business Media {LLC}},
}

@Article{Carlier2012,
  author    = {Aur{\'{e}}lie Carlier and Liesbet Geris and Katie Bentley and Geert Carmeliet and Peter Carmeliet and Hans Van Oosterwyck},
  title     = {{MOSAIC}: A Multiscale Model of Osteogenesis and Sprouting Angiogenesis with Lateral Inhibition of Endothelial Cells},
  journal   = {{PLoS} Computational Biology},
  year      = {2012},
  volume    = {8},
  number    = {10},
  pages     = {e1002724},
  month     = {oct},
  doi       = {10.1371/journal.pcbi.1002724},
  editor    = {Feilim Mac Gabhann},
  publisher = {Public Library of Science ({PLoS})},
}

@Article{Carlier2016,
  author    = {Aur{\'{e}}lie Carlier and Gözde Akdeniz Skvortsov and Forough Hafezi and Eleonora Ferraris and Jennifer Patterson and Bahattin Ko{\c{c}} and Hans Van Oosterwyck},
  title     = {Computational model-informed design and bioprinting of cell-patterned constructs for bone tissue engineering},
  journal   = {Biofabrication},
  year      = {2016},
  volume    = {8},
  number    = {2},
  pages     = {025009},
  month     = {may},
  doi       = {10.1088/1758-5090/8/2/025009},
  publisher = {{IOP} Publishing},
}

@Article{Hede2021,
  author    = {Dorien Van hede and Bingbing Liang and Sandy Anania and Mojtaba Barzegari and Bruno Verl{\'{e}}e and Gr{\'{e}}gory Nolens and Justine Pirson and Liesbet Geris and France Lambert},
  title     = {3D-Printed Synthetic Hydroxyapatite Scaffold With In Silico Optimized Macrostructure Enhances Bone Formation In Vivo},
  journal   = {Advanced Functional Materials},
  year      = {2021},
  volume    = {32},
  number    = {6},
  pages     = {2105002},
  month     = {oct},
  doi       = {10.1002/adfm.202105002},
  publisher = {Wiley},
}

@Article{Alias2017,
  author    = {Mohd Almie Alias and Pascal R. Buenzli},
  title     = {Modeling the Effect of Curvature on the Collective Behavior of Cells Growing New Tissue},
  journal   = {Biophysical Journal},
  year      = {2017},
  volume    = {112},
  number    = {1},
  pages     = {193--204},
  month     = {jan},
  doi       = {10.1016/j.bpj.2016.11.3203},
  publisher = {Elsevier {BV}},
}

@Article{Rubert2021,
  author    = {Marina Rubert and Jolanda Rita Vetsch and Iina Lehtoviita and Marianne Sommer and Feihu Zhao and Andr{\'{e}} R. Studart and Ralph Müller and Sandra Hofmann},
  title     = {Scaffold Pore Geometry Guides Gene Regulation and Bone-like Tissue Formation in Dynamic Cultures},
  journal   = {Tissue Engineering Part A},
  year      = {2021},
  volume    = {27},
  number    = {17-18},
  pages     = {1192--1204},
  month     = {sep},
  doi       = {10.1089/ten.tea.2020.0121},
  publisher = {Mary Ann Liebert Inc},
}

@Article{Long2012,
  author    = {Jason P. Long and Scott J. Hollister and Steven A. Goldstein},
  title     = {A paradigm for the development and evaluation of novel implant topologies for bone fixation: In vivo evaluation},
  journal   = {Journal of Biomechanics},
  year      = {2012},
  volume    = {45},
  number    = {15},
  pages     = {2651--2657},
  month     = {oct},
  doi       = {10.1016/j.jbiomech.2012.08.011},
  publisher = {Elsevier {BV}},
}

@Article{Luo2017,
  author    = {Danmei Luo and Qiguo Rong and Quan Chen},
  title     = {Finite-element design and optimization of a three-dimensional tetrahedral porous titanium scaffold for the reconstruction of mandibular defects},
  journal   = {Medical Engineering {\&} Physics},
  year      = {2017},
  volume    = {47},
  pages     = {176--183},
  month     = {sep},
  doi       = {10.1016/j.medengphy.2017.06.015},
  publisher = {Elsevier {BV}},
}

@Article{Luo2015,
  author    = {Xiangyou Luo and Bo Yang and Lei Sheng and Jinlong Chen and Hui Li and Li Xie and Gang Chen and Mei Yu and Weihua Guo and Weidong Tian},
  title     = {{CAD} based design sensitivity analysis and shape optimization of~scaffolds for bio-root regeneration in swine},
  journal   = {Biomaterials},
  year      = {2015},
  volume    = {57},
  pages     = {59--72},
  month     = {jul},
  doi       = {10.1016/j.biomaterials.2015.03.062},
  publisher = {Elsevier {BV}},
}

@article{yamada2010topology,
	title={A topology optimization method based on the level set method incorporating a fictitious interface energy},
	author={Yamada, Takayuki and Izui, Kazuhiro and Nishiwaki, Shinji and Takezawa, Akihiro},
	journal={Computer Methods in Applied Mechanics and Engineering},
	volume={199},
	number={45-48},
	pages={2876--2891},
	year={2010},
	publisher={Elsevier}
}

@article{li2021full,
	title={Full-scale 3{D} structural topology optimization using adaptive mesh refinement based on the level-set method},
	author={Li, Hao and Yamada, Takayuki and Jolivet, Pierre and Furuta, Kozo and Kondoh, Tsuguo and Izui, Kazuhiro and Nishiwaki, Shinji},
	journal={Finite Elements in Analysis and Design},
	volume={194},
	pages={103561},
	year={2021},
	publisher={Elsevier}
}

@article{wu2017infill,
	title={Infill optimization for additive manufacturing—approaching bone-like porous structures},
	author={Wu, Jun and Aage, Niels and Westermann, R{\"u}diger and Sigmund, Ole},
	journal={IEEE Transactions on Visualization and Computer Graphics},
	volume={24},
	number={2},
	pages={1127--1140},
	year={2017},
	publisher={IEEE}
}

@article{lazarov2011filters,
	title={Filters in topology optimization based on Helmholtz-type differential equations},
	author={Lazarov, Boyan Stefanov and Sigmund, Ole},
	journal={International Journal for Numerical Methods in Engineering},
	volume={86},
	number={6},
	pages={765--781},
	year={2011},
	publisher={Wiley Online Library}
}

@article{kawamoto2011heaviside,
	title={Heaviside projection based topology optimization by a PDE-filtered scalar function},
	author={Kawamoto, Atsushi and Matsumori, Tadayoshi and Yamasaki, Shintaro and Nomura, Tsuyoshi and Kondoh, Tsuguo and Nishiwaki, Shinji},
	journal={Structural and Multidisciplinary Optimization},
	volume={44},
	number={1},
	pages={19--24},
	year={2011},
	publisher={Springer}
}

@InCollection{Gao2022,
  author    = {Yuanming Gao and Lizhen Wang and Yubo Fan},
  booktitle = {Biomechanics of Injury and Prevention},
  publisher = {Springer Nature Singapore},
  title     = {Biomechanics of Magnesium-Based Implant During Tissue Repair},
  year      = {2022},
  pages     = {335--361},
  doi       = {10.1007/978-981-16-4269-2_11},
}

@Article{Crubzy1998,
  author    = {Eric Crubzy and Pascal Murail and Louis Girard and Jean-Pierre Bernadou},
  journal   = {Nature},
  title     = {False teeth of the Roman world},
  year      = {1998},
  month     = {jan},
  number    = {6662},
  pages     = {29--29},
  volume    = {391},
  doi       = {10.1038/34067},
  publisher = {Springer Science and Business Media {LLC}},
}

@Article{Wang2020a,
  author    = {Jia-Li Wang and Jian-Kun Xu and Chelsea Hopkins and Dick Ho-Kiu Chow and Ling Qin},
  journal   = {Advanced Science},
  title     = {Biodegradable Magnesium-Based Implants in Orthopedics{\textemdash}A General Review and Perspectives},
  year      = {2020},
  month     = {feb},
  number    = {8},
  pages     = {1902443},
  volume    = {7},
  doi       = {10.1002/advs.201902443},
  publisher = {Wiley},
}

@Article{Vormann2003,
  author    = {J Vormann},
  journal   = {Molecular Aspects of Medicine},
  title     = {Magnesium: nutrition and metabolism},
  year      = {2003},
  month     = {feb},
  number    = {1-3},
  pages     = {27--37},
  volume    = {24},
  doi       = {10.1016/s0098-2997(02)00089-4},
  publisher = {Elsevier {BV}},
}

@Article{Elin1988,
  author    = {Ronald J. Elin},
  journal   = {Disease-a-Month},
  title     = {Magnesium metabolism in health and disease},
  year      = {1988},
  month     = {apr},
  number    = {4},
  pages     = {166--218},
  volume    = {34},
  doi       = {10.1016/0011-5029(88)90013-2},
  publisher = {Elsevier {BV}},
}

@misc{huse1878new,
  title={A New Ligature: WB Keen},
  author={Huse, EC},
  year={1878},
  publisher={Cooke}
}

@Article{Witte2010,
  author    = {Frank Witte},
  journal   = {Acta Biomaterialia},
  title     = {The history of biodegradable magnesium implants: A review},
  year      = {2010},
  month     = {may},
  number    = {5},
  pages     = {1680--1692},
  volume    = {6},
  doi       = {10.1016/j.actbio.2010.02.028},
  publisher = {Elsevier {BV}},
}

@Article{Ikeo2016,
  author    = {Naoko Ikeo and Ryota Nakamura and Kosuke Naka and Toshiaki Hashimoto and Toshihiko Yoshida and Takeshi Urade and Kenji Fukushima and Hikaru Yabuuchi and Takumi Fukumoto and Yonson Ku and Toshiji Mukai},
  journal   = {Acta Biomaterialia},
  title     = {Fabrication of a magnesium alloy with excellent ductility for biodegradable clips},
  year      = {2016},
  month     = {jan},
  pages     = {468--476},
  volume    = {29},
  doi       = {10.1016/j.actbio.2015.10.023},
  publisher = {Elsevier {BV}},
}

@Article{Erbel2007,
  author    = {Raimund Erbel and Carlo Di Mario and Jozef Bartunek and Johann Bonnier and Bernard de Bruyne and Franz R Eberli and Paul Erne and Michael Haude and Bernd Heublein and Mark Horrigan and Charles Ilsley and Dirk Böse and Jacques Koolen and Thomas F Lüscher and Neil Weissman and Ron Waksman},
  journal   = {The Lancet},
  title     = {Temporary scaffolding of coronary arteries with bioabsorbable magnesium stents: a prospective, non-randomised multicentre trial},
  year      = {2007},
  month     = {jun},
  number    = {9576},
  pages     = {1869--1875},
  volume    = {369},
  doi       = {10.1016/s0140-6736(07)60853-8},
  publisher = {Elsevier {BV}},
}

@Article{Sotomi2017,
  author    = {Yohei Sotomi and Yoshinobu Onuma and Carlos Collet and Erhan Tenekecioglu and Renu Virmani and Neal S. Kleiman and Patrick W. Serruys},
  journal   = {Circulation Research},
  title     = {Bioresorbable Scaffold},
  year      = {2017},
  month     = {apr},
  number    = {8},
  pages     = {1341--1352},
  volume    = {120},
  doi       = {10.1161/circresaha.117.310275},
  publisher = {Ovid Technologies (Wolters Kluwer Health)},
}

@Article{GarciaGarcia2018,
  author    = {Hector M. Garcia-Garcia and Michael Haude and Kayode Kuku and Alexandre Hideo-Kajita and Hüseyin Ince and Alexandre Abizaid and Ralph Tölg and Pedro Alves Lemos and Clemens von Birgelen and Evald H{\o}j Christiansen and William Wijns and Javier Escaned and Jouke Dijkstra and Ron Waksman},
  journal   = {International Journal of Cardiology},
  title     = {In vivo serial invasive imaging of the second-generation drug-eluting absorbable metal scaffold (Magmaris {\textemdash} {DREAMS} 2G) in de novo coronary lesions: Insights from the {BIOSOLVE}-{II} First-In-Man Trial},
  year      = {2018},
  month     = {mar},
  pages     = {22--28},
  volume    = {255},
  doi       = {10.1016/j.ijcard.2017.12.053},
  publisher = {Elsevier {BV}},
}

@article{lambotte1909technique,
  title={Technique et indication des proth{\`e}ses dans le traitement des fractures},
  author={LAMBOTTE, ALBIN},
  journal={Presse med},
  volume={17},
  pages={321},
  year={1909}
}

@article{lambotte1932utilisation,
  title={L’utilisation du magnesium comme materiel perdu dans l’osteosynth{\`e}se},
  author={Lambotte, Albin},
  journal={Bull Mem Soc Nat Chir},
  volume={28},
  number={3},
  pages={1325--1334},
  year={1932}
}

@Article{Witte2005,
  author    = {F. Witte and V. Kaese and H. Haferkamp and E. Switzer and A. Meyer-Lindenberg and C.J. Wirth and H. Windhagen},
  journal   = {Biomaterials},
  title     = {In vivo corrosion of four magnesium alloys and the associated bone response},
  year      = {2005},
  month     = {jun},
  number    = {17},
  pages     = {3557--3563},
  volume    = {26},
  doi       = {10.1016/j.biomaterials.2004.09.049},
  publisher = {Elsevier {BV}},
}

@Article{Huang2020,
  author    = {Shibo Huang and Benjie Wang and Xiuzhi Zhang and Faqiang Lu and Zongpu Wang and Simiao Tian and Dongyi Li and Jiahui Yang and Fang Cao and Liangliang Cheng and Ziqi Gao and Yangde Li and Kairong Qin and Dewei Zhao},
  journal   = {Biomaterials},
  title     = {High-purity weight-bearing magnesium screw: Translational application in the healing of femoral neck fracture},
  year      = {2020},
  month     = {apr},
  pages     = {119829},
  volume    = {238},
  doi       = {10.1016/j.biomaterials.2020.119829},
  publisher = {Elsevier {BV}},
}

@Article{SanzHerrera2019,
  author    = {Jose A. Sanz-Herrera and Esther Reina-Romo},
  journal   = {Applied Sciences},
  title     = {Continuum Modeling and Simulation in Bone Tissue Engineering},
  year      = {2019},
  month     = {sep},
  number    = {18},
  pages     = {3674},
  volume    = {9},
  doi       = {10.3390/app9183674},
  publisher = {{MDPI} {AG}},
}

@Article{Boland2019,
  author    = {Enda L. Boland and James A. Grogan and Peter E. McHugh},
  journal   = {International Journal for Numerical Methods in Biomedical Engineering},
  title     = {Computational modelling of magnesium stent mechanical performance in a remodelling artery: Effects of multiple remodelling stimuli},
  year      = {2019},
  month     = {aug},
  number    = {10},
  volume    = {35},
  doi       = {10.1002/cnm.3247},
  publisher = {Wiley},
}

@Article{Shi2021,
  author    = {Weiliang Shi and Hongxia Li and Kellen Mitchell and Cheng Zhang and Tingzhun Zhu and Yifei Jin and Danyang Zhao},
  journal   = {Acta Biomaterialia},
  title     = {A multi-dimensional non-uniform corrosion model for bioabsorbable metallic vascular stents},
  year      = {2021},
  month     = {sep},
  pages     = {572--580},
  volume    = {131},
  doi       = {10.1016/j.actbio.2021.07.008},
  publisher = {Elsevier {BV}},
}

@Article{Barzegari2022JOSS,
  author    = {Mojtaba Barzegari and Liesbet Geris},
  journal   = {Journal of Open Source Software},
  title     = {{BioDeg}: A finite element software for the simulation of the corrosion and biodegradation process in metallic biomaterials},
  year      = {2022},
  month     = {jun},
  number    = {74},
  pages     = {4281},
  volume    = {7},
  doi       = {10.21105/joss.04281},
  publisher = {The Open Journal},
}

@Article{Barzegari2021JOSE,
  author    = {Mojtaba Barzegari and Liesbet Geris},
  journal   = {Journal of Open Source Education},
  title     = {An open source crash course on parameter estimation of computational models using a Bayesian optimization approach},
  year      = {2021},
  month     = {jun},
  number    = {40},
  pages     = {89},
  volume    = {4},
  doi       = {10.21105/jose.00089},
  publisher = {The Open Journal},
}

@Article{RAJAGOPALAN2006,
  author    = {S RAJAGOPALAN and R ROBB},
  journal   = {Medical Image Analysis},
  title     = {Schwarz meets Schwann: Design and fabrication of biomorphic and durataxic tissue engineering scaffolds},
  year      = {2006},
  month     = {oct},
  number    = {5},
  pages     = {693--712},
  volume    = {10},
  doi       = {10.1016/j.media.2006.06.001},
  publisher = {Elsevier {BV}},
}

@Article{OtextquotesingleBrien2011,
  author    = {Fergal J. O{\textquotesingle}Brien},
  journal   = {Materials Today},
  title     = {Biomaterials: scaffolds for tissue engineering},
  year      = {2011},
  month     = {mar},
  number    = {3},
  pages     = {88--95},
  volume    = {14},
  doi       = {10.1016/s1369-7021(11)70058-x},
  publisher = {Elsevier {BV}},
}

@Article{Hollister2005,
  author    = {Scott J. Hollister},
  journal   = {Nature Materials},
  title     = {Porous scaffold design for tissue engineering},
  year      = {2005},
  month     = {jul},
  number    = {7},
  pages     = {518--524},
  volume    = {4},
  doi       = {10.1038/nmat1421},
  publisher = {Springer Science and Business Media {LLC}},
}

@Article{Byrne2007,
  author    = {Damien P. Byrne and Damien Lacroix and Josep A. Planell and Daniel J. Kelly and Patrick J. Prendergast},
  journal   = {Biomaterials},
  title     = {Simulation of tissue differentiation in a scaffold as a function of porosity, Young{\textquotesingle}s modulus and dissolution rate: Application of mechanobiological models in tissue engineering},
  year      = {2007},
  month     = {dec},
  number    = {36},
  pages     = {5544--5554},
  volume    = {28},
  doi       = {10.1016/j.biomaterials.2007.09.003},
  publisher = {Elsevier {BV}},
}

@phdthesis{Li2022Thesis,
  author = "LI, HAO",
  title = "Level set-based topology optimization of thermal fluid-structure systems",
  year = "2022",
  month = "9",
  school = "Kyoto University",
  url = "http://hdl.handle.net/2433/277369",
  doi = {10.14989/doctor.k24226}
}

@Article{Wegener2020,
  author    = {Bernd Wegener and Anton Sichler and Stefan Milz and Christoph Sprecher and Korbinian Pieper and Walter Hermanns and Volkmar Jansson and Berthold Nies and Bernd Kieback and Peter Ernst Müller and Veronika Wegener and Peter Quadbeck},
  journal   = {Scientific Reports},
  title     = {Development of a novel biodegradable porous iron-based implant for bone replacement},
  year      = {2020},
  month     = {jun},
  number    = {1},
  volume    = {10},
  doi       = {10.1038/s41598-020-66289-y},
  publisher = {Springer Science and Business Media {LLC}},
}

@Article{Gasior2021,
  author    = {Gabriela G{\k{a}}sior and Jonasz Szczepa{\'{n}}ski and Aleksandra Radtke},
  journal   = {Materials},
  title     = {Biodegradable Iron-Based Materials{\textemdash}What Was Done and What More Can Be Done?},
  year      = {2021},
  month     = {jun},
  number    = {12},
  pages     = {3381},
  volume    = {14},
  doi       = {10.3390/ma14123381},
  publisher = {{MDPI} {AG}},
}

@Article{Han2020,
  author    = {Hyung-Seop Han and Indong Jun and Hyun-Kwang Seok and Kang-Sik Lee and Kyungwoo Lee and Frank Witte and Diego Mantovani and Yu-Chan Kim and Sion Glyn-Jones and James R. Edwards},
  journal   = {Advanced Science},
  title     = {Biodegradable Magnesium Alloys Promote Angio-Osteogenesis to Enhance Bone Repair},
  year      = {2020},
  month     = {jun},
  number    = {15},
  pages     = {2000800},
  volume    = {7},
  doi       = {10.1002/advs.202000800},
  publisher = {Wiley},
}

@Article{Levy2017,
  author    = {Galit Katarivas Levy and Jeremy Goldman and Eli Aghion},
  journal   = {Metals},
  title     = {The Prospects of Zinc as a Structural Material for Biodegradable Implants{\textemdash}A Review Paper},
  year      = {2017},
  month     = {oct},
  number    = {10},
  pages     = {402},
  volume    = {7},
  doi       = {10.3390/met7100402},
  publisher = {{MDPI} {AG}},
}

@Article{Liu2015,
  author    = {Xiwei Liu and Jianke Sun and Yinghong Yang and Zhongjie Pu and Yufeng Zheng},
  journal   = {Materials Letters},
  title     = {In vitro investigation of ultra-pure Zn and its mini-tube as potential bioabsorbable stent material},
  year      = {2015},
  month     = {dec},
  pages     = {53--56},
  volume    = {161},
  doi       = {10.1016/j.matlet.2015.06.107},
  publisher = {Elsevier {BV}},
}

@Article{Albaraghtheh2022,
  author    = {Tamadur Albaraghtheh and Regine Willumeit-Römer and Berit Zeller-Plumhoff},
  journal   = {Journal of Magnesium and Alloys},
  title     = {In silico studies of magnesium-based implants: A review of the current stage and challenges},
  year      = {2022},
  month     = {nov},
  number    = {11},
  pages     = {2968--2996},
  volume    = {10},
  doi       = {10.1016/j.jma.2022.09.029},
  publisher = {Elsevier {BV}},
}

@Article{Maas2012,
  author    = {Steve A. Maas and Benjamin J. Ellis and Gerard A. Ateshian and Jeffrey A. Weiss},
  journal   = {Journal of Biomechanical Engineering},
  title     = {{FEBio}: Finite Elements for Biomechanics},
  year      = {2012},
  month     = {jan},
  number    = {1},
  volume    = {134},
  doi       = {10.1115/1.4005694},
  publisher = {{ASME} International},
}

@Article{Mikailov2019,
  author    = {Mike Mikailov and Junshan Qiu and Fu-Jyh Luo and Stephen Whitney and Nicholas Petrick},
  journal   = {{SIMULATION}},
  title     = {Scaling modeling and simulation on high-performance computing clusters},
  year      = {2019},
  month     = {oct},
  number    = {2},
  pages     = {221--232},
  volume    = {96},
  doi       = {10.1177/0037549719878249},
  publisher = {{SAGE} Publications},
}

@Book{Bailey2010,
  editor    = {David H. Bailey and Robert F. Lucas and Samuel Williams},
  publisher = {{CRC} Press},
  title     = {Performance Tuning of Scientific Applications},
  year      = {2010},
  month     = {nov},
  doi       = {10.1201/b10509},
}

@Book{Hager2011,
  author    = {Hager, Georg},
  publisher = {CRC Press},
  title     = {Introduction to high performance computing for scientists and engineers},
  year      = {2011},
  isbn      = {9781439811924},
  pages     = {330},
}

@Book{Goedecker2001,
  author    = {Goedecker, Stefan and Hoisie, Adolfy},
  publisher = {Society for Industrial Mathematics},
  title     = {Performance Optimization of Numerically Intensive Codes (Software, Environments and Tools)},
  year      = {2001},
  isbn      = {9780898714845},
  pages     = {173},
}

@Book{Wadleigh2000,
  author    = {Wadleigh, Kevin R.},
  publisher = {Prentice Hall PTR},
  title     = {Software optimization for high-performance computing},
  year      = {2000},
  isbn      = {0130170089},
  pages     = {377},
}

@Article{Groen2021,
  author    = {D. Groen and H. Arabnejad and V. Jancauskas and W. N. Edeling and F. Jansson and R. A. Richardson and J. Lakhlili and L. Veen and B. Bosak and P. Kopta and D. W. Wright and N. Monnier and P. Karlshoefer and D. Suleimenova and R. Sinclair and M. Vassaux and A. Nikishova and M. Bieniek and Onnie O. Luk and M. Kulczewski and E. Raffin and D. Crommelin and O. Hoenen and D. P. Coster and T. Piontek and P. V. Coveney},
  journal   = {Philosophical Transactions of the Royal Society A: Mathematical, Physical and Engineering Sciences},
  title     = {{VECMAtk}: a scalable verification, validation and uncertainty quantification toolkit for scientific simulations},
  year      = {2021},
  month     = {mar},
  number    = {2197},
  volume    = {379},
  doi       = {10.1098/rsta.2020.0221},
  publisher = {The Royal Society},
}

@Article{Suleimenova2021,
  author    = {Diana Suleimenova and Hamid Arabnejad and Wouter N. Edeling and David Coster and Onnie O. Luk and Jalal Lakhlili and Vytautas Jancauskas and Michal Kulczewski and Lourens Veen and Dongwei Ye and Pavel Zun and Valeria Krzhizhanovskaya and Alfons Hoekstra and Daan Crommelin and Peter V. Coveney and Derek Groen},
  journal   = {Journal of Computational Science},
  title     = {Tutorial applications for Verification, Validation and Uncertainty Quantification using {VECMA} toolkit},
  year      = {2021},
  month     = {jul},
  pages     = {101402},
  volume    = {53},
  doi       = {10.1016/j.jocs.2021.101402},
  publisher = {Elsevier {BV}},
}

@Article{Suter2021,
  author    = {James L. Suter and Peter V. Coveney},
  journal   = {Scientific Reports},
  title     = {Principles governing control of aggregation and dispersion of aqueous graphene oxide},
  year      = {2021},
  month     = {nov},
  number    = {1},
  volume    = {11},
  doi       = {10.1038/s41598-021-01626-3},
  publisher = {Springer Science and Business Media {LLC}},
}

@Article{Vassaux2021,
  author    = {Maxime Vassaux and Shunzhou Wan and Wouter Edeling and Peter V. Coveney},
  journal   = {Journal of Chemical Theory and Computation},
  title     = {Ensembles Are Required to Handle Aleatoric and Parametric Uncertainty in Molecular Dynamics Simulation},
  year      = {2021},
  month     = {jul},
  number    = {8},
  pages     = {5187--5197},
  volume    = {17},
  doi       = {10.1021/acs.jctc.1c00526},
  publisher = {American Chemical Society ({ACS})},
}

@Article{Coveney2021,
  author    = {Peter V. Coveney and Derek Groen and Alfons G. Hoekstra},
  journal   = {Philosophical Transactions of the Royal Society A: Mathematical, Physical and Engineering Sciences},
  title     = {Reliability and reproducibility in computational science: implementing validation, verification and uncertainty quantification \textit{in silico}},
  year      = {2021},
  month     = {mar},
  number    = {2197},
  volume    = {379},
  doi       = {10.1098/rsta.2020.0409},
  publisher = {The Royal Society},
}

@article{Akinbami,
author = {Akinbami, Babatunde},
year = {2011},
month = {07},
pages = {126-130},
title = {Assessment and determination of human mandibular and dental arch profiles in subjects with lower third molar impaction in Port Harcourt, Nigeria},
volume = {1},
journal = {Annals of maxillofacial surgery},
doi = {10.4103/2231-0746.92775}
}

@Article{Lv2017,
  author    = {Lv, Hongzhi and Chang, Wenli and Yuwen, Peizhi and Yang, Na and Yan, Xiaoli and Zhang, Yingze},
  journal   = {BMC Surgery},
  title     = {{Are there too many screw holes in plates for fracture fixation?}},
  year      = {2017},
  issn      = {14712482},
  number    = {1},
  pages     = {1--10},
  volume    = {17},
  doi       = {10.1186/s12893-017-0244-8},
  keywords  = {Implant breakage, Internal fixation, Plate osteosynthesis, Risk factors, Traumatic fracture},
  pmid      = {28431530},
  publisher = {BMC Surgery},
}

@Article{Pogorielov2017,
  author    = {Maksym Pogorielov and Eugenia Husak and Alexandr Solodivnik and Sergii Zhdanov},
  journal   = {Interventional Medicine and Applied Science},
  title     = {Magnesium-based biodegradable alloys: Degradation, application, and alloying elements},
  year      = {2017},
  month     = {mar},
  number    = {1},
  pages     = {27--38},
  volume    = {9},
  doi       = {10.1556/1646.9.2017.1.04},
  publisher = {Akademiai Kiado Zrt.},
}

@Article{Walker2012,
  author    = {Jemimah Walker and Shaylin Shadanbaz and Nicholas T. Kirkland and Edward Stace and Tim Woodfield and Mark P. Staiger and George J. Dias},
  journal   = {Journal of Biomedical Materials Research Part B: Applied Biomaterials},
  title     = {Magnesium alloys: Predicting in vivo corrosion with in vitro immersion testing},
  year      = {2012},
  month     = {feb},
  number    = {4},
  pages     = {1134--1141},
  volume    = {100B},
  doi       = {10.1002/jbm.b.32680},
  publisher = {Wiley},
}

@Article{Gu2009,
  author    = {Xuenan Gu and Yufeng Zheng and Yan Cheng and Shengping Zhong and Tingfei Xi},
  journal   = {Biomaterials},
  title     = {In vitro corrosion and biocompatibility of binary magnesium alloys},
  year      = {2009},
  month     = {feb},
  number    = {4},
  pages     = {484--498},
  volume    = {30},
  doi       = {10.1016/j.biomaterials.2008.10.021},
  publisher = {Elsevier {BV}},
}

@Article{Wang2011,
  author    = {Hao Wang and Zhiming Shi},
  journal   = {Journal of Biomedical Materials Research Part B: Applied Biomaterials},
  title     = {In vitro biodegradation behavior of magnesium and magnesium alloy},
  year      = {2011},
  month     = {jul},
  number    = {2},
  pages     = {203--209},
  volume    = {98B},
  doi       = {10.1002/jbm.b.31769},
  publisher = {Wiley},
}

@Article{Barfield2012,
  author    = {William R. Barfield and Gregory Colbath and John D. DesJardins and Yuehuei H. An and Langdon A. Hartsock},
  journal   = {Current Orthopaedic Practice},
  title     = {The potential of magnesium alloy use in orthopaedic surgery},
  year      = {2012},
  month     = {mar},
  number    = {2},
  pages     = {146--150},
  volume    = {23},
  doi       = {10.1097/bco.0b013e31824a553b},
  publisher = {Ovid Technologies (Wolters Kluwer Health)},
}

@Article{Sanchez2015,
  author    = {Adela Helvia Martinez Sanchez and B{\'{e}}reng{\`{e}}re J.C. Luthringer and Frank Feyerabend and Regine Willumeit},
  journal   = {Acta Biomaterialia},
  title     = {Mg and Mg alloys: How comparable are in vitro and in vivo corrosion rates? A review},
  year      = {2015},
  month     = {feb},
  pages     = {16--31},
  volume    = {13},
  doi       = {10.1016/j.actbio.2014.11.048},
  publisher = {Elsevier {BV}},
}

@Article{Imwinkelried2020,
  author    = {T. Imwinkelried and S. Beck and B. Schaller},
  journal   = {Materials Science and Engineering: C},
  title     = {Pre-clinical testing of human size magnesium implants in miniature pigs: Implant degradation and bone fracture healing at multiple implantation sites},
  year      = {2020},
  month     = {mar},
  pages     = {110389},
  volume    = {108},
  doi       = {10.1016/j.msec.2019.110389},
  publisher = {Elsevier {BV}},
}

@phdthesis{Moure2017Thesis,
  author    = {Moure, Adrian},
  title     = {Phase-field modeling and isogeometric analysis of cell crawling},
  year      = {2017},
  school = "Universidade da Coruna",
  doi = {10.13140/RG.2.2.36419.50729}
}

@Article{Moure2019,
  author    = {Adrian Moure and Hector Gomez},
  journal   = {Archives of Computational Methods in Engineering},
  title     = {Phase-Field Modeling of Individual and Collective Cell Migration},
  year      = {2019},
  month     = {dec},
  number    = {2},
  pages     = {311--344},
  volume    = {28},
  doi       = {10.1007/s11831-019-09377-1},
  publisher = {Springer Science and Business Media {LLC}},
}

@Comment{jabref-meta: databaseType:bibtex;}
